3218 4896
763 299 970 362 ..36.,

305 486 444 566 vigorem
460 483 554 550 ¹illum
579 491 612 551 et
638 486 802 565 fervorem,
833 488 884 570 qui
908 489 1083 570 comparari
1106 493 1211 571 potest
1237 472 1306 552 cum
1326 485 1434 550 libello

306 589 358 672 qui
384 588 482 653 iertur
504 587 552 654 De
575 589 780 656 sublimitate.
831 589 865 654 ln
889 591 1123 656 commentariis
1152 590 1305 675 reperitur
1333 589 1434 654 oratio

305 691 376 775 ipsa
409 709 531 773 quoque
564 690 748 772 cultissima,
778 691 950 775 simplicior
977 699 1081 756 autem
1111 698 1143 756 et
1169 693 1301 758 tenuior.
1348 689 1435 766 Quae

304 813 377 858 cum
404 793 547 874 insint,
575 791 764 862 Musoniana
793 793 936 860 doctrina
963 805 1043 878 qu'ae
1075 795 1108 858 in
1136 793 1325 876 Paedagogo
1358 811 1434 858 con-

305 895 430 977 tinetur,
455 915 495 960 ex
517 896 752 964 commentariis
775 895 903 962 linxisse
926 916 989 961 non
1011 902 1124 980 potest.
1158 895 1240 981 lpse,
1264 903 1435 978 antequam

306 998 419 1062 scirem
441 996 619 1064 Musoniani
643 999 747 1083 operis
763 999 946 1064 memoriam
963 997 1047 1083 apud
1064 997 1192 1063 Suidam
1209 1003 1240 1064 et
1255 995 1434 1081 Eutropium

306 1110 442 1181 exstare,
466 1119 544 1184 opus
568 1097 727 1182 quoddam
750 1099 886 1168 Musonii
908 1101 1027 1166 fontem
1048 1100 1230 1182 Paedagogi
1253 1099 1435 1166 comminis-

304 1201 409 1268 cebar.
455 1200 501 1266 Εο
536 1203 639 1268 minus
672 1203 776 1287 patiar
811 1203 892 1268 hanc
926 1205 1111 1268 memoriam
1144 1205 1178 1268 in
1207 1201 1435 1268 dubitationem

306 1304 421 1385 vocari,
455 1305 551 1370 immo
585 1304 681 1370 etiam
710 1324 749 1370 ea
776 1325 810 1370 re
837 1304 1032 1387 confirmem,
1061 1303 1145 1389 quod
1172 1304 1333 1370 Hierocles
1363 1323 1436 1368 eum

305 1405 430 1485 librum,
458 1407 491 1471 in
519 1425 579 1488 quo
608 1404 743 1472 Musonii
773 1408 906 1488 vestigia
932 1412 1060 1474 secutus
1087 1413 1146 1489 est,
1169 1414 1204 1472 ut
1225 1406 1308 1472 infra
1330 1411 1435 1472 osten-

306 1507 391 1588 dam,
412 1506 524 1572 eodem
547 1507 648 1592 Λόγων
677 1507 766 1572 titulo
789 1509 958 1594 inscripsit.

394 1607 483 1684 Quod
497 1627 580 1677 ¹vero
603 1617 707 1694 potest
730 1629 800 1676 esse
823 1611 948 1692 gravius
971 1611 1184 1678 testimonium
1214 1630 1307 1695 quam
1335 1609 1436 1695 ipsius
1458 1615 1471 1658 ἴ·

306 1711 488 1794 Clementis,
516 1714 568 1795 qui
601 1713 674 1778 furti
708 1731 780 1778 reus
809 1713 876 1797 ipse
905 1733 939 1780 se
967 1707 1134 1794 convincit,
1164 1733 1234 1778 cum
1263 1733 1327 1778 non
1360 1712 1437 1778 satis

307 1818 401 1882 caute
423 1816 456 1880 in
478 1813 611 1880 iurando
635 1835 669 1882 se
691 1813 793 1896 gerit?
827 1814 976 1896 Legimus
998 1817 1092 1897 igitur
1113 1814 1165 1898 Ill,
1187 1818 1228 1879 41
1253 1836 1283 1899 p.
1300 1814 1363 1878 278
1386 1814 1435 1880 P.:

304 1921 384 1988 ’ὅπως
407 1919 457 2002 μὲν
481 1919 528 1981 οὖν
552 1919 723 2002 συμβιωτέον
748 1919 826 2005 ἀνδρὶ
847 1919 899 2002 τὴν
922 1927 1037 2002 γυναῖκα
1059 1920 1106 1982 καὶ
1128 1919 1189 2006 περὶ
1212 1919 1377 2007 αὐτουργίαι
1391 1919 1438 1982 καὶ

308 2025 446 2111 οἰκουρίας
468 2024 515 2086 καὶ
545 2025 659 2088 οἰκετῶν
686 2027 828 2111 χρήσεως,
857 2025 926 2110 πρὸς
953 2023 984 2086 δὲ
1011 2025 1058 2086 καὶ
1084 2031 1137 2108 τῆς
1164 2023 1241 2111 ὥρας
1268 2030 1317 2086 τοῦ
1345 2029 1437 2107 γάμου

305 2129 433 2194 καὶτῶν
457 2131 511 2194 ὅσα
533 2118 652 2213 γυναιξὶν
676 2131 806 2215 ἁρμόζει,
826 2128 860 2202 ,ἐν
883 2134 924 2213 τῷ
946 2129 1078 2214 γαμικῷ
1100 2119 1219 2212 διέξιμεν
1242 2130 1342 2214 lro'qrp.

394 2232 450 2298 His
484 2233 587 2299 verbis
621 2233 681 2300 nisi
716 2252 825 2300 omnes
859 2233 997 2315 theologi
1032 2240 1207 2300 statuerunt
1240 2232 1435 2298 Clementem

307 2335 473 2403 consilium
496 2337 619 2422 cepisse
642 2336 768 2420 proprio
790 2335 881 2417 libro,
905 2357 998 2418 quem
1021 2337 1116 2402 vellet
1145 2336 1437 2420 inscribere-ilique

307 2443 438 2526 papule,
472 2439 519 2505 his
553 2437 593 2503 de
623 2437 717 2504 rebus
750 2457 854 2520 agere.
899 2438 943 2502 At
968 2437 1059 2506 huius
1086 2439 1169 2504 libri
1185 2460 1245 2506 nec
1274 2441 1345 2506 vola
1375 2460 1437 2506 nec

308 2545 477 2626 vestigium
500 2547 613 2621 exstat,
641 2547 673 2606 et
700 2558 780 2622 nego
804 2561 952 2623 umquam
982 2541 1178 2608 Clementem
1205 2544 1297 2610 istum
1321 2544 1435 2610 librum

307 2655 363 2714 aut
384 2646 521 2713 scribere
543 2643 603 2710 sibi
626 2643 827 2728 proposuisse
849 2648 904 2708 aut
925 2644 1190 2728 scripsisseque
1204 2644 1276 2712 illas
1293 2665 1342 2712 res
1358 2665 1436 2730 quas

227 2749 229 2752 ’
309 2749 464 2836 promittit
497 2767 531 2813 se
565 2751 771 2812 tractaturum
806 2765 886 2827 esse,
922 2765 1024 2830 paene
1058 2766 1168 2812 omnes
1201 2753 1318 2814 tractat
1342 2748 1436 2835 hujus

295 2853 394 2918 tertii
416 2851 488 2916 libri
512 2868 538 2915 c.
565 2847 606 2910 10
627 2853 660 2912 et
683 2849 733 2911 11.
777 2845 871 2912 Dicat
893 2847 988 2929 igitur
1010 2848 1121 2932 aliquis
1144 2852 1214 2932 ipsa
1236 2849 1314 2916 haec
1330 2851 1436 2935 capita

254 2979 256 2984 ·
313 2975 332 3020 a
370 2953 534 3019 Clemente
573 2948 753 3031 significari.
811 2949 929 3014 Tamen
970 2949 1087 3035 duplex
1126 2957 1238 3017 restat‘
1256 2951 1435 3018 difficultas.

308 3057 463 3136 Primum,
492 3073 563 3118 cum
587 3051 734 3126 Clemens
758 3072 821 3118 non
844 3054 970 3137 proprie
992 3054 1188 3138 inscripserit
1210 3053 1258 3121 his
1282 3054 1436 3141 capitibus

301 3157 434 3225 ‘titulum
461 3157 554 3240 Λόγος
580 3159 707 3239 γαμικόι,
736 3153 905 3220 admodum
936 3155 1076 3220 obscura
1095 3163 1143 3222 est
1171 3156 1249 3222 haec
1277 3155 1320 3224 ad
1352 3157 1436 3222 inse·

312 3261 440 3346 quentia
465 3259 627 3342 relegandi
654 3260 743 3342 ratio,
772 3260 913 3342 quamvis
942 3257 1114 3324 concedam
1148 3259 1294 3326 liberiore
1318 3259 1437 3328 citandi

312 3364 434 3429 ratione
456 3367 579 3430 veteres
602 3382 676 3427 usos
701 3381 780 3428 esse.
817 3358 894 3425 Tum
919 3381 990 3426 vero
1013 3361 1128 3426 frustra
1150 3362 1182 3425 in
1205 3361 1254 3427 his
1270 3362 1437 3447 postremis

308 3466 467 3550 capitibus
502 3484 633 3549 quaeres
667 3464 782 3544 locum,
816 3463 870 3528 ubi
904 3468 979 3546 agat
1013 3463 1052 3528 de
1085 3471 1227 3550 tempore
1257 3466 1437 3550 nuptiarum

312 3569 391 3656 (περὶ
419 3567 497 3656 ὥρας
523 3575 572 3631 τοῦ
594 3567 710 3651 γάμου).
756 3565 865 3632 Statue
894 3585 1018 3631 mecum
1042 3565 1237 3632 Clementem
1261 3587 1280 3632 a
1301 3565 1438 3634 Musunii

312 3675 413 3758 nuque
427 3672 579 3758 pendere:
604 3670 689 3736 clara
703 3670 774 3734 luce
790 3687 871 3751 quae
894 3673 990 3762 antea
1004 3662 1145 3734 *obscura
1168 3677 1258 3734 erant
1277 3669 1437 3735 illustran-

312 3786 371 3844 tur.
415 3774 524 3858 Neque
547 3773 631 3839 enim
661 3771 740 3837 haec
768 3770 886 3838 citandi
917 3773 996 3836 ratio
1026 3773 1160 3837 obscura
1188 3782 1256 3836 erat
1281 3773 1314 3836 in
1337 3772 1438 3855 lldqorc

289 3877 294 3889 '
312 3878 458 3960 Musoni,
482 3877 597 3962 quippe
621 3876 672 3958 qui
689 3896 784 3940 unum
802 3880 897 3958 caput
912 3875 1106 3961 appellasset
1121 3873 1212 3959 Adrou
1235 3881 1359 3960 quprac'u.
1399 3875 1440 3944 Et
1465 3899 1469 3907 ·

288 3985 347 4056 2in
370 3982 429 4048 hoc
452 3983 540 4046 certe
563 3969 667 4062 capite
690 3977 769 4044 Mus.
793 3979 890 4044 etiam
915 3976 955 4042 de
971 3977 1109 4043 nubendi
1124 3988 1267 4064 tempore
1283 3979 1437 4065 quaedam

313 4084 495 4170 pmtulerat‚
520 4099 600 4165 quae
623 4080 722 4147 Clem.
746 4081 861 4146 oblitus
886 4087 934 4146 est
955 4081 1190 4148 transscribere.

399 4185 488 4251 Alter
514 4182 733 4268 locus1exstat
759 4181 796 4268 ll,
824 4185 865 4247 94
890 4203 921 4268 p.
945 4183 1008 4246 226
1030 4182 1079 4248 P.:
1112 4185 1240 4249 andelao
1268 4186 1319 4270 μὲν
1346 4185 1393 4248 οὖν
1416 4187 1441 4248 εἰ
