3218 4896
643 277 854 338 ..37-

183 463 326 546 γαμητέον
349 461 368 546 ἢ
391 468 482 545 γάμου
506 464 546 533 εἰς
568 464 599 526 τὸ
623 463 760 533 παντελὲς
782 464 974 551 καθαρευτέον
998 501 1037 510 -·
1062 463 1156 548 ἔχεται
1178 465 1231 551 γὰρ
1254 469 1312 547 ζη-

182 571 294 652 τήσεως
315 568 363 629 καί
385 567 466 630 τοῦτο
491 601 529 614 -
555 569 585 631 ἐν
607 571 649 654 τῷ
671 570 732 656 περί
755 568 917 654 ἐγκρατείας
940 569 1007 652 ἡμῖν
1029 568 1198 652 δεδήλωται.
1241 567 1310 633 Sta·

182 677 240 742 tim
267 677 377 742 sanavi
405 675 484 741 haec
511 677 615 742 rerba.
655 675 755 760 Vulgo
782 677 867 741 enim
897 675 1011 758 legitur
1040 675 1087 738 obv
1115 676 1191 759 bet
1216 693 1312 760 prave

183 780 423 864 interpuugitur.
457 777 532 854 Quis
556 785 661 844 autem
685 784 734 845 est
759 779 810 843 hic
836 779 897 865 περί
916 779 1080 867 ἐγκρατείας
1097 775 1203 863 loque?
1231 775 1311 842 Nam

183 882 268 965 λόγον
290 881 341 945 hic
364 878 615 947 subaudiendum
640 901 719 963 esse,
744 900 806 947 non
829 885 985 969 κεφάλαιον
1010 891 1064 950 aut
1091 885 1205 969 βιβλίαν,
1235 901 1312 948 ana·

183 985 268 1068 logia
293 985 380 1069 λόγου
402 986 520 1068 γοίμικοῦ
547 987 581 1048 et
605 985 691 1069 λόγου
719 995 887 1069 συμποτικοί)
916 987 967 1071 (ll,
989 991 1032 1052 43
1054 1010 1084 1073 p.
1111 987 1185 1072 194)
1199 985 1312 1052 docet.

125 1169 128 1178 ι
185 1086 301 1153 lterum
334 1087 472 1170 theologi
507 1088 664 1153 linxerunt
692 1087 864 1156 Clementis
891 1092 1052 1177 proprium
1080 1091 1203 1156 librum.
1249 1084 1314 1152 Sed

184 1191 312 1276 proprio
340 1191 459 1274 scripto
486 1189 545 1254 hoo
573 1199 793 1270 argumentum
815 1211 835 1256 a
858 1193 956 1258 Olem.
979 1199 1147 1258 tractatum
1175 1209 1246 1256 csse
1275 1207 1312 1253 eo

185 1290 423 1377 improbabilius
452 1299 510 1371 est,
538 1293 611 1374 quia
637 1293 713 1357 satis
741 1295 867 1377 copiose
894 1295 954 1360 hac
982 1293 1081 1360 dere
1109 1294 1175 1375 agit
1198 1291 1312 1357 Strom.

186 1391 223 1476 ll,
247 1395 417 1458 137-140
439 1414 469 1479 p.
494 1393 556 1456 502
584 1413 645 1476 sq.;
673 1395 725 1460 ubi
753 1396 864 1480 incipit
886 1396 935 1462 his
958 1397 1074 1462 verbis:
1103 1400 1247 1479 ζητοῦμεν
1270 1394 1312 1470 δέ,

185 1497 209 1560 εί
223 1499 365 1582 γαμητέον
382 1495 420 1561 cf.
439 1495 501 1559 140
515 1499 658 1579 γαμητέον
681 1497 728 1560 οὖν
751 1504 872 1567 πάντας.
910 1497 1106 1582 Quamquam
1124 1500 1174 1564 hio
1188 1499 1313 1564 locusa

186 1600 284 1666 Olcm.
302 1600 459 1682 designari
476 1619 538 1664 nou
557 1605 671 1684 potest,
685 1601 758 1684 quia
773 1600 980 1683 Paedagogus
995 1607 1137 1686 ternpore
1153 1599 1314 1666 antecedit

187 1703 403 1770 Stromatibus.
449 1699 558 1785 Neque
585 1707 691 1787 potest
718 1703 850 1769 inveniri
885 1702 1064 1785 Paedagogi
1098 1705 1196 1788 ipsius
1231 1703 1313 1767 ullus

186 1805 283 1887 locus,
307 1825 399 1889 quem
423 1804 579 1888 respiciat.
625 1803 807 1870 Dormitare
831 1805 926 1870 Elem.
953 1806 1108 1886 integrum
1132 1805 1190 1870 hoc
1214 1825 1312 1870 enun-

187 1910 298 1974 tiatum
323 1929 362 1972 ex
384 1905 527 1972 lllusonio
551 1907 721 1972 transtulit.
763 1907 923 1973 Habemus
938 1909 1034 1990 igitur
1049 1928 1112 1972 uon
1129 1907 1311 1988 Clementis,

188 2009 246 2078 scd
268 2010 400 2076 Musonii
417 2009 509 2092 Λόγον
535 2010 597 2097 περὶ
625 2009 798 2096 ἐγκρατείας,
826 2011 949 2076 titulum
977 2010 1044 2076 eius
1067 2010 1165 2096 ipsius
1189 2011 1312 2093 capitis,

188 2113 271 2197 quod
294 2113 477 2197 compilarit
500 2111 598 2178 (llam.
623 2112 737 2178 Strom
760 2113 780 2178 l.
806 2132 831 2178 c.
855 2111 990 2194 Egregie
1018 2111 1103 2177 enim
1126 2112 1312 2196 comproba·

186 2221 247 2297 tur,
270 2213 353 2298 quod
369 2233 465 2299 supra
488 2235 516 2298 p.
534 2216 575 2277 32
592 2213 714 2280 ostendi
738 2214 797 2281 hoc
821 2214 1019 2280 Stromateon
1035 2219 1130 2299 caput
1144 2214 1184 2279 ab
1200 2212 1312 2280 eodem

188 2317 292 2383 Stoico
321 2324 449 2382 auctore
478 2323 571 2400 atque
597 2315 821 2399 Paedagogum
854 2315 1063 2403 repetendum
1098 2335 1177 2382 esse.
1223 2313 1313 2392 Quod

187 2425 282 2504 caput
303 2419 458 2501 integrum
482 2439 521 2484 ex
545 2418 648 2484 alieno
671 2419 757 2486 sonte
779 2419 966 2485 translatum
991 2437 1072 2502 esse,
1094 2419 1156 2483 iarn
1173 2417 1314 2502 Bemay·

187 2523 261 2604 sius,
289 2541 360 2586 cum
388 2520 427 2586 de
454 2519 591 2606 Buzygis
620 2521 838 2588 deuotionibus
865 2527 982 2604 ageret,
1010 2519 1150 2588 ostendit
1172 2519 1258 2604 (Ber.
1285 2520 1315 2584 d.

188 2623 353 2701 Altadnu
375 2621 482 2688 Berlin
507 2623 600 2706 1876,
624 2646 655 2709 p.
680 2625 767 2707 607).

272 2721 308 2790 ln
331 2725 445 2791 nostris
468 2725 581 2791 litteris
604 2726 704 2791 sicubi
727 2725 804 2791 nihil
823 2727 897 2791 certi
915 2725 1058 2806 traditur,
1075 2724 1269 2792 divinatione
1285 2736 1317 2791 et

189 2828 369 2894 coniectura
394 2827 544 2893 utendum
569 2834 626 2894 est.
673 2827 713 2892 Et
735 2827 817 2894 hanc
839 2849 916 2895 saus
943 2831 1156 2894 coniecturam
1180 2829 1315 2894 Musunii

189 2949 267 3015 opus
282 2950 301 2996 a
317 2931 414 2997 Olem.
432 2931 633 3016 compilatum
651 2951 720 2996 essa
742 2930 881 3015 undique
904 2932 1120 2997 confirmatam
1144 2931 1247 2998 uideo.
1282 2931 1316 2996 ln

190 3032 324 3099 Musunii
339 3027 475 3118 quidem
498 3053 665 3118 personam
690 3034 797 3099 omnia
820 3033 947 3115 cadunt,
971 3054 1050 3117 quac
1078 3034 1117 3100 de
1146 3033 1317 3099 Clementis

190 3141 317 3201 auctore
351 3136 490 3220 exposui.
535 3134 608 3220 lpsa
645 3141 733 3201 aetas
771 3137 890 3219 optime
929 3135 1069 3219 quadrat.
1115 3135 1218 3201 Etiam
1257 3135 1319 3200 hoo'

190 3242 438 3304 consentaneum
462 3243 510 3302 est
532 3237 668 3323 Epicteti
692 3235 867 3302 doctrinam
892 3257 963 3301 cum
980 3237 1168 3320 Paedagogo
1184 3257 1316 3303 cousen-

189 3341 258 3423 tire,
292 3340 318 3404 si
354 3339 447 3405 modo
482 3339 561 3404 Mus.
597 3339 769 3405 Clementis
804 3346 913 3404 auctor
941 3348 996 3404 est.
1043 3339 1205 3424 Epictetus
1233 3341 1315 3405 enim

183 3441 306 3510 scholis
334 3440 475 3507 interluit
501 3440 647 3522 Musonii,
677 3443 727 3508 cui
757 3449 907 3524 quantum
935 3441 1053 3508 debeat
1084 3463 1124 3508 ex
1156 3441 1216 3508 hoo
1248 3443 1317 3526 ipso

183 3563 348 3610 consensu
370 3543 446 3609 licet
467 3542 665 3608 concludere.
704 3541 812 3626 Neque
837 3542 1006 3626 quidquam
1029 3542 1172 3628 impedit,
1196 3546 1316 3628 quomi-

191 3646 326 3728 nuscis
354 3645 442 3725 locis,
471 3645 582 3728 quibus
614 3645 777 3729 Epictetus
805 3650 837 3709 et
867 3643 1013 3711 Clemens
1040 3647 1091 3710 vel
1119 3647 1221 3730 potius
1250 3648 1317 3710 eius

192 3755 302 3813 auctor
324 3747 417 3813 verbo
441 3754 532 3812 tenus
555 3751 741 3828 congruunt,
766 3751 942 3812 statuamus
970 3745 1226 3832 autEpiotetum
1249 3768 1316 3812 me·

183 3850 323 3938 'minisse
346 3847 496 3930 locorum,
520 3868 597 3932 quos
619 3849 652 3912 in
668 3847 803 3914 Musonii
819 3849 921 3933 Λόγοις
942 3848 1071 3932 legerat,
1095 3856 1148 3914 aut
1170 3887 1209 3894 —-
1235 3849 1318 3933 quod

192 3951 323 4017 forsitan
351 3951 543 4035 probabilius
567 3952 669 4018 sit-
693 3951 862 4018 Arrianum
891 3953 1024 4020 Musunii
1052 3952 1140 4023 locos
1167 3953 1198 4014 in
1228 3972 1317 4019 suam

192 4072 259 4118 rem
283 4055 485 4119 convertisse.
520 4053 598 4118 Turn
622 4053 680 4118 hoc
704 4054 822 4138 optime
846 4056 1030 4140 explicatur,
1048 4053 1131 4137 quod
1148 4053 1319 4121 Clementis

193 4159 354 4222 auctorem
382 4154 424 4222 ad
451 4157 594 4242 cynicum
624 4155 823 4241 disciplinam
851 4176 1045 4242 propensum
1075 4155 1317 4225 essc'vidimus
