<?xml version="1.0" encoding="UTF-8"?>
<!DOCTYPE html PUBLIC "-//W3C//DTD XHTML 1.0 Transitional//EN"
    "http://www.w3.org/TR/xhtml1/DTD/xhtml1-transitional.dtd">
<html xmlns="http://www.w3.org/1999/xhtml" xml:lang="en" lang="en">
 <head>
  <title>
</title>
<meta http-equiv="Content-Type" content="text/html;charset=utf-8" />
  <meta name='ocr-system' content='tesseract 3.04.00' />
  <meta name='ocr-capabilities' content='ocr_page ocr_carea ocr_par ocr_line ocrx_word'/>
</head>
<body>
  <div class='ocr_page' id='page_1' title='image "./quaestionesmuso00wendgoog_0030.png"; bbox 0 0 3218 4896; ppageno 0'>
   <div class='ocr_carea' id='block_1_1' title="bbox 514 251 837 330">
    <p class='ocr_par' dir='ltr' id='par_1_1' title="bbox 514 251 837 330">
     <span class='ocr_line' id='line_1_1' title="bbox 514 251 837 330; baseline 0 -18"><span class='ocrx_word' id='word_1_1' title='bbox 514 251 837 330; x_wconf 49' lang='lat' dir='ltr'>,-.1r-</span> 
     </span>
    </p>
   </div>
   <div class='ocr_carea' id='block_1_2' title="bbox 94 433 1297 1132">
    <p class='ocr_par' dir='ltr' id='par_1_2' title="bbox 94 433 1297 1132">
     <span class='ocr_line' id='line_1_2' title="bbox 169 433 1297 521; baseline 0.002 -20"><span class='ocrx_word' id='word_1_2' title='bbox 169 436 250 519; x_wconf 76' lang='lat'><strong>(40),</strong></span> <span class='ocrx_word' id='word_1_3' title='bbox 269 455 359 503; x_wconf 86' lang='lat' dir='ltr'>arma</span> <span class='ocrx_word' id='word_1_4' title='bbox 381 437 549 503; x_wconf 87' lang='lat' dir='ltr'>cessabant</span> <span class='ocrx_word' id='word_1_5' title='bbox 574 433 656 519; x_wconf 83' lang='lat'>(41),</span> <span class='ocrx_word' id='word_1_6' title='bbox 679 455 743 501; x_wconf 92' lang='lat' dir='ltr'>non</span> <span class='ocrx_word' id='word_1_7' title='bbox 765 435 895 502; x_wconf 85' lang='lat' dir='ltr'>metalla</span> <span class='ocrx_word' id='word_1_8' title='bbox 916 437 950 516; x_wconf 87' lang='lat' dir='ltr'>in</span> <span class='ocrx_word' id='word_1_9' title='bbox 971 435 1037 501; x_wconf 89' lang='lat' dir='ltr'>ima</span> <span class='ocrx_word' id='word_1_10' title='bbox 1058 440 1143 503; x_wconf 86' lang='lat' dir='ltr'>terra</span> <span class='ocrx_word' id='word_1_11' title='bbox 1165 457 1297 521; x_wconf 87' lang='lat' dir='ltr'>quaere-</span> 
     </span>
     <span class='ocr_line' id='line_1_3' title="bbox 94 535 1296 623; baseline 0.001 -20"><span class='ocrx_word' id='word_1_12' title='bbox 94 539 96 544; x_wconf 84' lang='lat'>&#39;</span> <span class='ocrx_word' id='word_1_13' title='bbox 169 537 283 604; x_wconf 85' lang='lat' dir='ltr'>buntur</span> <span class='ocrx_word' id='word_1_14' title='bbox 316 535 412 620; x_wconf 78' lang='lat'>(45)?</span> <span class='ocrx_word' id='word_1_15' title='bbox 457 535 652 620; x_wconf 82' lang='lat' dir='ltr'><strong>Quamquam</strong></span> <span class='ocrx_word' id='word_1_16' title='bbox 687 535 781 602; x_wconf 85' lang='lat' dir='ltr'>facilc</span> <span class='ocrx_word' id='word_1_17' title='bbox 814 535 953 602; x_wconf 87' lang='lat' dir='ltr'>concedo</span> <span class='ocrx_word' id='word_1_18' title='bbox 987 536 1142 603; x_wconf 88' lang='lat' dir='ltr'>Senecam</span> <span class='ocrx_word' id='word_1_19' title='bbox 1175 539 1296 623; x_wconf 83' lang='lat' dir='ltr'>impetu</span> 
     </span>
     <span class='ocr_line' id='line_1_4' title="bbox 169 636 1296 724; baseline -0.001 -19"><span class='ocrx_word' id='word_1_20' title='bbox 169 638 306 722; x_wconf 88' lang='lat' dir='ltr'><strong>quodam</strong></span> <span class='ocrx_word' id='word_1_21' title='bbox 321 638 488 724; x_wconf 85' lang='lat' dir='ltr'>abreptum</span> <span class='ocrx_word' id='word_1_22' title='bbox 504 636 555 703; x_wconf 89' lang='lat' dir='ltr'>hic</span> <span class='ocrx_word' id='word_1_23' title='bbox 571 638 671 720; x_wconf 56' lang='lat' dir='ltr'>mags</span> <span class='ocrx_word' id='word_1_24' title='bbox 687 636 910 703; x_wconf 85' lang='lat' dir='ltr'>declamatorie</span> <span class='ocrx_word' id='word_1_25' title='bbox 926 658 1020 721; x_wconf 87' lang='lat' dir='ltr'><strong>quam</strong></span> <span class='ocrx_word' id='word_1_26' title='bbox 1036 659 1144 705; x_wconf 89' lang='lat' dir='ltr'>severe</span> <span class='ocrx_word' id='word_1_27' title='bbox 1156 639 1296 706; x_wconf 90' lang='lat' dir='ltr'>locutum</span> 
     </span>
     <span class='ocr_line' id='line_1_5' title="bbox 167 738 1295 826; baseline -0.002 -18"><span class='ocrx_word' id='word_1_28' title='bbox 167 760 246 808; x_wconf 88' lang='lat' dir='ltr'>esec.</span> <span class='ocrx_word' id='word_1_29' title='bbox 291 741 394 808; x_wconf 87' lang='lat' dir='ltr'>Reioit</span> <span class='ocrx_word' id='word_1_30' title='bbox 415 740 469 806; x_wconf 88' lang='lat' dir='ltr'>illc</span> <span class='ocrx_word' id='word_1_31' title='bbox 491 740 617 824; x_wconf 88' lang='lat' dir='ltr'>quidem</span> <span class='ocrx_word' id='word_1_32' title='bbox 641 759 691 826; x_wconf 89' lang='lat' dir='ltr'>ep.</span> <span class='ocrx_word' id='word_1_33' title='bbox 708 742 738 822; x_wconf 82' lang='lat'>5,</span> <span class='ocrx_word' id='word_1_34' title='bbox 753 741 774 802; x_wconf 85' lang='lat'><strong>2</strong></span> <span class='ocrx_word' id='word_1_35' title='bbox 790 757 936 824; x_wconf 87' lang='lat' dir='ltr'>asperum</span> <span class='ocrx_word' id='word_1_36' title='bbox 953 738 1069 804; x_wconf 90' lang='lat' dir='ltr'>cultum</span> <span class='ocrx_word' id='word_1_37' title='bbox 1086 745 1120 807; x_wconf 92' lang='lat' dir='ltr'>et</span> <span class='ocrx_word' id='word_1_38' title='bbox 1133 741 1295 808; x_wconf 90' lang='lat' dir='ltr'>intonsum</span> 
     </span>
     <span class='ocr_line' id='line_1_6' title="bbox 167 840 1293 928; baseline -0.002 -19"><span class='ocrx_word' id='word_1_39' title='bbox 167 848 316 928; x_wconf 83' lang='lat' dir='ltr'>caputet</span> <span class='ocrx_word' id='word_1_40' title='bbox 338 841 605 924; x_wconf 77' lang='lat' dir='ltr'>neglegentiorem</span> <span class='ocrx_word' id='word_1_41' title='bbox 635 841 763 907; x_wconf 83' lang='lat' dir='ltr'><strong>barbam</strong></span> <span class='ocrx_word' id='word_1_42' title='bbox 793 847 825 907; x_wconf 89' lang='lat' dir='ltr'>et</span> <span class='ocrx_word' id='word_1_43' title='bbox 850 840 1002 907; x_wconf 89' lang='lat' dir='ltr'>indictum</span> <span class='ocrx_word' id='word_1_44' title='bbox 1031 847 1161 923; x_wconf 86' lang='lat' dir='ltr'>argento</span> <span class='ocrx_word' id='word_1_45' title='bbox 1187 842 1293 908; x_wconf 83' lang='lat' dir='ltr'>odium</span> 
     </span>
     <span class='ocr_line' id='line_1_7' title="bbox 111 941 1294 1029; baseline -0.001 -17"><span class='ocrx_word' id='word_1_46' title='bbox 111 977 113 982; x_wconf 96' lang='lat'>·</span> <span class='ocrx_word' id='word_1_47' title='bbox 169 951 203 1012; x_wconf 90' lang='lat' dir='ltr'>et</span> <span class='ocrx_word' id='word_1_48' title='bbox 218 945 322 1011; x_wconf 88' lang='lat' dir='ltr'>cubile</span> <span class='ocrx_word' id='word_1_49' title='bbox 336 943 423 1010; x_wconf 93' lang='lat' dir='ltr'>humi</span> <span class='ocrx_word' id='word_1_50' title='bbox 438 943 578 1029; x_wconf 90' lang='lat' dir='ltr'>positum</span> <span class='ocrx_word' id='word_1_51' title='bbox 594 942 638 1026; x_wconf 87' lang='grc' dir='ltr'>(ν.</span> <span class='ocrx_word' id='word_1_52' title='bbox 654 943 750 1008; x_wconf 84' lang='lat' dir='ltr'>ctiam</span> <span class='ocrx_word' id='word_1_53' title='bbox 766 941 882 1008; x_wconf 81' lang='lat' dir='ltr'>Brolen</span> <span class='ocrx_word' id='word_1_54' title='bbox 897 942 918 1008; x_wconf 92' lang='lat' dir='ltr'>l.</span> <span class='ocrx_word' id='word_1_55' title='bbox 933 943 955 1008; x_wconf 94' lang='lat' dir='ltr'>l.</span> <span class='ocrx_word' id='word_1_56' title='bbox 970 963 1001 1028; x_wconf 87' lang='lat' dir='ltr'>p.</span> <span class='ocrx_word' id='word_1_57' title='bbox 1020 945 1070 1008; x_wconf 87' lang='lat'>13.</span> <span class='ocrx_word' id='word_1_58' title='bbox 1087 943 1154 1027; x_wconf 85' lang='grc'>25).</span> <span class='ocrx_word' id='word_1_59' title='bbox 1193 944 1294 1028; x_wconf 86' lang='lat' dir='ltr'>Magis</span> 
     </span>
     <span class='ocr_line' id='line_1_8' title="bbox 168 1044 1293 1132; baseline -0.001 -19"><span class='ocrx_word' id='word_1_60' title='bbox 168 1053 262 1132; x_wconf 84' lang='lat' dir='ltr'>atque</span> <span class='ocrx_word' id='word_1_61' title='bbox 284 1066 325 1112; x_wconf 81' lang='lat' dir='ltr'>ex</span> <span class='ocrx_word' id='word_1_62' title='bbox 346 1046 458 1111; x_wconf 83' lang='lat' dir='ltr'>intima</span> <span class='ocrx_word' id='word_1_63' title='bbox 480 1045 578 1110; x_wconf 86' lang='lat' dir='ltr'>animi</span> <span class='ocrx_word' id='word_1_64' title='bbox 601 1045 760 1111; x_wconf 88' lang='lat' dir='ltr'>sententia</span> <span class='ocrx_word' id='word_1_65' title='bbox 786 1044 828 1110; x_wconf 84' lang='lat' dir='ltr'>ad</span> <span class='ocrx_word' id='word_1_66' title='bbox 856 1045 1034 1130; x_wconf 83' lang='lat' dir='ltr'>cynismum</span> <span class='ocrx_word' id='word_1_67' title='bbox 1060 1046 1192 1113; x_wconf 84' lang='lat' dir='ltr'>inclinat</span> <span class='ocrx_word' id='word_1_68' title='bbox 1218 1045 1293 1132; x_wconf 82' lang='lat' dir='ltr'>Epi·</span> 
     </span>
    </p>
   </div>
   <div class='ocr_carea' id='block_1_3' title="bbox 45 1145 1293 1233">
    <p class='ocr_par' dir='ltr' id='par_1_3' title="bbox 45 1145 1293 1233">
     <span class='ocr_line' id='line_1_9' title="bbox 45 1145 1293 1233; baseline 0 -17"><span class='ocrx_word' id='word_1_69' title='bbox 45 1155 48 1162; x_wconf 82' lang='grc'>’</span> <span class='ocrx_word' id='word_1_70' title='bbox 166 1153 283 1232; x_wconf 76' lang='lat' dir='ltr'>status,</span> <span class='ocrx_word' id='word_1_71' title='bbox 316 1148 369 1232; x_wconf 91' lang='lat' dir='ltr'>qui</span> <span class='ocrx_word' id='word_1_72' title='bbox 389 1149 423 1212; x_wconf 92' lang='lat' dir='ltr'>in</span> <span class='ocrx_word' id='word_1_73' title='bbox 446 1145 557 1233; x_wconf 80' lang='lat' dir='ltr'>Cynici</span> <span class='ocrx_word' id='word_1_74' title='bbox 578 1165 726 1232; x_wconf 88' lang='lat' dir='ltr'>persona,</span> <span class='ocrx_word' id='word_1_75' title='bbox 754 1145 924 1212; x_wconf 88' lang='lat' dir='ltr'>dummodo</span> <span class='ocrx_word' id='word_1_76' title='bbox 958 1152 1045 1215; x_wconf 86' lang='lat' dir='ltr'>recte</span> <span class='ocrx_word' id='word_1_77' title='bbox 1079 1169 1210 1216; x_wconf 86' lang='lat' dir='ltr'>munere</span> <span class='ocrx_word' id='word_1_78' title='bbox 1236 1169 1293 1216; x_wconf 92' lang='lat' dir='ltr'>suo</span> 
     </span>
    </p>
   </div>
   <div class='ocr_carea' id='block_1_4' title="bbox 60 1248 1294 4112">
    <p class='ocr_par' dir='ltr' id='par_1_4' title="bbox 60 1248 1294 4112">
     <span class='ocr_line' id='line_1_10' title="bbox 167 1248 1293 1337; baseline 0 -19"><span class='ocrx_word' id='word_1_79' title='bbox 167 1253 325 1334; x_wconf 85' lang='lat' dir='ltr'>fungatur,</span> <span class='ocrx_word' id='word_1_80' title='bbox 347 1250 414 1316; x_wconf 86' lang='lat' dir='ltr'>veri</span> <span class='ocrx_word' id='word_1_81' title='bbox 435 1248 615 1334; x_wconf 73' lang='lat' dir='ltr'>philosophi</span> <span class='ocrx_word' id='word_1_82' title='bbox 637 1250 808 1331; x_wconf 82' lang='lat' dir='ltr'><strong>imaginem</strong></span> <span class='ocrx_word' id='word_1_83' title='bbox 831 1252 1044 1316; x_wconf 88' lang='lat' dir='ltr'>consummari</span> <span class='ocrx_word' id='word_1_84' title='bbox 1063 1257 1156 1337; x_wconf 83' lang='lat' dir='ltr'>putat</span> <span class='ocrx_word' id='word_1_85' title='bbox 1177 1251 1293 1334; x_wconf 88' lang='lat' dir='ltr'>(Zeller</span> 
     </span>
     <span class='ocr_line' id='line_1_11' title="bbox 165 1349 1294 1440; baseline 0.002 -24"><span class='ocrx_word' id='word_1_86' title='bbox 165 1375 196 1440; x_wconf 89' lang='lat' dir='ltr'>p.</span> <span class='ocrx_word' id='word_1_87' title='bbox 222 1355 314 1436; x_wconf 77' lang='lat'>751);</span> <span class='ocrx_word' id='word_1_88' title='bbox 338 1359 371 1418; x_wconf 85' lang='lat' dir='ltr'>et</span> <span class='ocrx_word' id='word_1_89' title='bbox 390 1351 476 1418; x_wconf 90' lang='lat' dir='ltr'>idem</span> <span class='ocrx_word' id='word_1_90' title='bbox 499 1351 566 1417; x_wconf 82' lang='lat' dir='ltr'>fere</span> <span class='ocrx_word' id='word_1_91' title='bbox 588 1355 699 1417; x_wconf 89' lang='lat' dir='ltr'>censet</span> <span class='ocrx_word' id='word_1_92' title='bbox 712 1350 772 1417; x_wconf 92' lang='lat' dir='ltr'>Dio</span> <span class='ocrx_word' id='word_1_93' title='bbox 789 1349 1041 1437; x_wconf 82' lang='lat' dir='ltr'>Chrysostomus.</span> <span class='ocrx_word' id='word_1_94' title='bbox 1086 1353 1178 1428; x_wconf 86' lang='lat' dir='ltr'>Patet</span> <span class='ocrx_word' id='word_1_95' title='bbox 1199 1355 1294 1437; x_wconf 88' lang='lat' dir='ltr'>igitur</span> 
     </span>
     <span class='ocr_line' id='line_1_12' title="bbox 166 1452 1292 1541; baseline -0.002 -17"><span class='ocrx_word' id='word_1_96' title='bbox 166 1477 259 1541; x_wconf 87' lang='lat' dir='ltr'><strong>quam</strong></span> <span class='ocrx_word' id='word_1_97' title='bbox 282 1459 352 1521; x_wconf 86' lang='lat' dir='ltr'>arto</span> <span class='ocrx_word' id='word_1_98' title='bbox 375 1453 501 1520; x_wconf 86' lang='lat' dir='ltr'>vinculo</span> <span class='ocrx_word' id='word_1_99' title='bbox 522 1458 654 1537; x_wconf 88' lang='lat' dir='ltr'>utraque</span> <span class='ocrx_word' id='word_1_100' title='bbox 676 1452 787 1518; x_wconf 88' lang='lat' dir='ltr'>schola</span> <span class='ocrx_word' id='word_1_101' title='bbox 808 1452 846 1518; x_wconf 68' lang='lat' dir='ltr'>id.</span> <span class='ocrx_word' id='word_1_102' title='bbox 863 1455 977 1522; x_wconf 85' lang='lat' dir='ltr'>aetatis</span> <span class='ocrx_word' id='word_1_103' title='bbox 999 1457 1168 1523; x_wconf 86' lang='lat' dir='ltr'>coniuncta</span> <span class='ocrx_word' id='word_1_104' title='bbox 1189 1457 1292 1540; x_wconf 84' lang='lat' dir='ltr'>fucrit,</span> 
     </span>
     <span class='ocr_line' id='line_1_13' title="bbox 165 1553 1293 1638; baseline -0.001 -13"><span class='ocrx_word' id='word_1_105' title='bbox 165 1564 201 1626; x_wconf 92' lang='lat' dir='ltr'>ut</span> <span class='ocrx_word' id='word_1_106' title='bbox 227 1557 385 1624; x_wconf 88' lang='lat' dir='ltr'>Iuvenalis</span> <span class='ocrx_word' id='word_1_107' title='bbox 413 1556 527 1622; x_wconf 87' lang='lat' dir='ltr'>acerba</span> <span class='ocrx_word' id='word_1_108' title='bbox 553 1554 608 1621; x_wconf 87' lang='lat' dir='ltr'>ille</span> <span class='ocrx_word' id='word_1_109' title='bbox 634 1553 771 1638; x_wconf 88' lang='lat' dir='ltr'>quidem,</span> <span class='ocrx_word' id='word_1_110' title='bbox 799 1553 857 1620; x_wconf 89' lang='lat' dir='ltr'>sed</span> <span class='ocrx_word' id='word_1_111' title='bbox 885 1576 950 1622; x_wconf 93' lang='lat' dir='ltr'>non</span> <span class='ocrx_word' id='word_1_112' title='bbox 977 1558 1045 1624; x_wconf 89' lang='lat' dir='ltr'>sine</span> <span class='ocrx_word' id='word_1_113' title='bbox 1073 1579 1171 1626; x_wconf 89' lang='lat' dir='ltr'>causa</span> <span class='ocrx_word' id='word_1_114' title='bbox 1192 1560 1293 1626; x_wconf 88' lang='lat' dir='ltr'>stoica</span> 
     </span>
     <span class='ocr_line' id='line_1_14' title="bbox 165 1654 1292 1745; baseline -0.001 -17"><span class='ocrx_word' id='word_1_115' title='bbox 165 1661 314 1744; x_wconf 80' lang='lat' dir='ltr'><strong>dogmata</strong></span> <span class='ocrx_word' id='word_1_116' title='bbox 350 1658 469 1745; x_wconf 76' lang='lat' dir='ltr'>cynicis</span> <span class='ocrx_word' id='word_1_117' title='bbox 505 1657 613 1722; x_wconf 86' lang='lat' dir='ltr'>tunica</span> <span class='ocrx_word' id='word_1_118' title='bbox 648 1654 743 1722; x_wconf 89' lang='lat' dir='ltr'>modo</span> <span class='ocrx_word' id='word_1_119' title='bbox 780 1654 898 1723; x_wconf 85' lang='lat' dir='ltr'>distare</span> <span class='ocrx_word' id='word_1_120' title='bbox 935 1658 1059 1727; x_wconf 76' lang='lat' dir='ltr'>dixerit.</span> <span class='ocrx_word' id='word_1_121' title='bbox 1114 1661 1180 1728; x_wconf 89' lang='lat' dir='ltr'>Iam</span> <span class='ocrx_word' id='word_1_122' title='bbox 1218 1681 1292 1727; x_wconf 88' lang='lat' dir='ltr'>vero</span> 
     </span>
     <span class='ocr_line' id='line_1_15' title="bbox 165 1761 1291 1846; baseline 0 -15"><span class='ocrx_word' id='word_1_123' title='bbox 165 1764 339 1832; x_wconf 81' lang='lat' dir='ltr'>Clementis</span> <span class='ocrx_word' id='word_1_124' title='bbox 361 1767 470 1828; x_wconf 78' lang='lat' dir='ltr'><strong>auctor</strong></span> <span class='ocrx_word' id='word_1_125' title='bbox 491 1761 562 1846; x_wconf 88' lang='lat' dir='ltr'>ipse</span> <span class='ocrx_word' id='word_1_126' title='bbox 589 1778 722 1843; x_wconf 88' lang='lat' dir='ltr'>quoque,</span> <span class='ocrx_word' id='word_1_127' title='bbox 745 1761 887 1842; x_wconf 84' lang='lat' dir='ltr'>quamvis</span> <span class='ocrx_word' id='word_1_128' title='bbox 914 1761 1011 1828; x_wconf 89' lang='lat' dir='ltr'>homo</span> <span class='ocrx_word' id='word_1_129' title='bbox 1037 1763 1291 1846; x_wconf 84' lang='lat' dir='ltr'>elegantissimus</span> 
     </span>
     <span class='ocr_line' id='line_1_16' title="bbox 164 1859 1287 1952; baseline -0.002 -18"><span class='ocrx_word' id='word_1_130' title='bbox 164 1888 185 1933; x_wconf 89' lang='lat' dir='ltr'><strong>a</strong></span> <span class='ocrx_word' id='word_1_131' title='bbox 216 1866 368 1952; x_wconf 75' lang='lat' dir='ltr'>spurcitia</span> <span class='ocrx_word' id='word_1_132' title='bbox 400 1861 607 1945; x_wconf 87' lang='lat' dir='ltr'>sordibusque</span> <span class='ocrx_word' id='word_1_133' title='bbox 630 1859 822 1946; x_wconf 81' lang='lat' dir='ltr'>Cynicorum</span> <span class='ocrx_word' id='word_1_134' title='bbox 845 1862 967 1930; x_wconf 89' lang='lat' dir='ltr'>alienus</span> <span class='ocrx_word' id='word_1_135' title='bbox 995 1865 1038 1931; x_wconf 91' lang='lat' dir='ltr'>sit</span> <span class='ocrx_word' id='word_1_136' title='bbox 1064 1902 1104 1912; x_wconf 92' lang='lat'><em>-</em></span> <span class='ocrx_word' id='word_1_137' title='bbox 1133 1864 1170 1947; x_wconf 89' lang='grc' dir='ltr'>ΙΙ,</span> <span class='ocrx_word' id='word_1_138' title='bbox 1194 1868 1234 1930; x_wconf 87' lang='grc'>78</span> <span class='ocrx_word' id='word_1_139' title='bbox 1256 1886 1287 1951; x_wconf 89' lang='lat' dir='ltr'>p.</span> 
     </span>
     <span class='ocr_line' id='line_1_17' title="bbox 163 1952 1290 2052; baseline 0 -20"><span class='ocrx_word' id='word_1_140' title='bbox 163 1971 227 2033; x_wconf 80' lang='lat'>217</span> <span class='ocrx_word' id='word_1_141' title='bbox 250 1967 284 2032; x_wconf 89' lang='grc' dir='ltr'>Ρ.</span> <span class='ocrx_word' id='word_1_142' title='bbox 308 1967 441 2048; x_wconf 78' lang='lat' dir='ltr'>castigat</span> <span class='ocrx_word' id='word_1_143' title='bbox 468 1952 627 2036; x_wconf 74' lang='grc' dir='ltr'><strong>κενοδοξίαν</strong></span> <span class='ocrx_word' id='word_1_144' title='bbox 650 1966 764 2046; x_wconf 75' lang='grc' dir='ltr'>κυνικὴν</span> <span class='ocrx_word' id='word_1_145' title='bbox 780 1999 831 2043; x_wconf 89' lang='grc'>-,</span> <span class='ocrx_word' id='word_1_146' title='bbox 846 1962 955 2029; x_wconf 85' lang='lat' dir='ltr'>multis</span> <span class='ocrx_word' id='word_1_147' title='bbox 977 1964 1011 2029; x_wconf 84' lang='lat' dir='ltr'>in</span> <span class='ocrx_word' id='word_1_148' title='bbox 1033 1967 1127 2032; x_wconf 87' lang='lat' dir='ltr'>rebus</span> <span class='ocrx_word' id='word_1_149' title='bbox 1150 1966 1290 2052; x_wconf 83' lang='lat' dir='ltr'>discipli·</span> 
     </span>
     <span class='ocr_line' id='line_1_18' title="bbox 163 2064 1290 2150; baseline 0 -16"><span class='ocrx_word' id='word_1_150' title='bbox 163 2090 237 2135; x_wconf 86' lang='lat' dir='ltr'>nam</span> <span class='ocrx_word' id='word_1_151' title='bbox 264 2088 371 2134; x_wconf 90' lang='lat' dir='ltr'>eorum</span> <span class='ocrx_word' id='word_1_152' title='bbox 398 2087 437 2133; x_wconf 89' lang='lat' dir='ltr'>ac</span> <span class='ocrx_word' id='word_1_153' title='bbox 464 2065 590 2132; x_wconf 87' lang='lat' dir='ltr'>vivendi</span> <span class='ocrx_word' id='word_1_154' title='bbox 619 2066 773 2131; x_wconf 86' lang='lat' dir='ltr'>rationem</span> <span class='ocrx_word' id='word_1_155' title='bbox 806 2064 930 2150; x_wconf 83' lang='lat' dir='ltr'>probat.</span> <span class='ocrx_word' id='word_1_156' title='bbox 980 2065 1107 2133; x_wconf 86' lang='lat' dir='ltr'><strong>Laudat</strong></span> <span class='ocrx_word' id='word_1_157' title='bbox 1139 2067 1290 2150; x_wconf 84' lang='lat' dir='ltr'>Diogenis</span> 
     </span>
     <span class='ocr_line' id='line_1_19' title="bbox 164 2165 1291 2266; baseline 0.001 -31"><span class='ocrx_word' id='word_1_158' title='bbox 164 2170 280 2236; x_wconf 90' lang='lat' dir='ltr'>dictum</span> <span class='ocrx_word' id='word_1_159' title='bbox 304 2167 512 2251; x_wconf 86' lang='lat' dir='ltr'>admonentis,</span> <span class='ocrx_word' id='word_1_160' title='bbox 536 2188 606 2233; x_wconf 90' lang='lat' dir='ltr'>cum</span> <span class='ocrx_word' id='word_1_161' title='bbox 635 2167 767 2266; x_wconf 77' lang='lat' dir='ltr'>sopiret,</span> <span class='ocrx_word' id='word_1_162' title='bbox 796 2165 924 2232; x_wconf 89' lang='lat' dir='ltr'>mollem</span> <span class='ocrx_word' id='word_1_163' title='bbox 951 2167 1233 2253; x_wconf 85' lang='lat' dir='ltr'>adolescentulum,</span> <span class='ocrx_word' id='word_1_164' title='bbox 1257 2181 1291 2236; x_wconf 90' lang='lat' dir='ltr'>ut</span> 
     </span>
     <span class='ocr_line' id='line_1_20' title="bbox 161 2266 1291 2354; baseline 0.001 -19"><span class='ocrx_word' id='word_1_165' title='bbox 161 2273 260 2338; x_wconf 90' lang='lat' dir='ltr'>virum</span> <span class='ocrx_word' id='word_1_166' title='bbox 283 2272 342 2338; x_wconf 91' lang='lat' dir='ltr'>sibi</span> <span class='ocrx_word' id='word_1_167' title='bbox 365 2273 484 2334; x_wconf 85' lang='lat' dir='ltr'>eme&#39;ret</span> <span class='ocrx_word' id='word_1_168' title='bbox 506 2267 572 2354; x_wconf 89' lang='grc' dir='ltr'>(ΙΙΙ,</span> <span class='ocrx_word' id='word_1_169' title='bbox 597 2269 637 2334; x_wconf 88' lang='grc'>16</span> <span class='ocrx_word' id='word_1_170' title='bbox 658 2289 691 2354; x_wconf 93' lang='lat' dir='ltr'>p.</span> <span class='ocrx_word' id='word_1_171' title='bbox 714 2268 777 2332; x_wconf 90' lang='grc'>261</span> <span class='ocrx_word' id='word_1_172' title='bbox 796 2266 829 2334; x_wconf 90' lang='lat' dir='ltr'>P.</span> <span class='ocrx_word' id='word_1_173' title='bbox 846 2289 874 2333; x_wconf 88' lang='lat' dir='ltr'>v.</span> <span class='ocrx_word' id='word_1_174' title='bbox 898 2267 1000 2334; x_wconf 88' lang='lat' dir='ltr'>Zeller</span> <span class='ocrx_word' id='word_1_175' title='bbox 1021 2268 1060 2351; x_wconf 91' lang='lat'>11,</span> <span class='ocrx_word' id='word_1_176' title='bbox 1091 2271 1129 2335; x_wconf 77' lang='lat'>1³</span> <span class='ocrx_word' id='word_1_177' title='bbox 1152 2271 1229 2354; x_wconf 84' lang='grc'>244)</span> <span class='ocrx_word' id='word_1_178' title='bbox 1258 2278 1291 2337; x_wconf 91' lang='lat' dir='ltr'>et</span> 
     </span>
     <span class='ocr_line' id='line_1_21' title="bbox 160 2369 1288 2455; baseline -0.004 -15"><span class='ocrx_word' id='word_1_179' title='bbox 160 2375 295 2440; x_wconf 83' lang='lat' dir='ltr'>Cratetis</span> <span class='ocrx_word' id='word_1_180' title='bbox 310 2377 400 2438; x_wconf 87' lang='lat' dir='ltr'>notos</span> <span class='ocrx_word' id='word_1_181' title='bbox 418 2391 524 2437; x_wconf 88' lang='lat' dir='ltr'>versus</span> <span class='ocrx_word' id='word_1_182' title='bbox 539 2372 572 2437; x_wconf 93' lang='lat' dir='ltr'>in</span> <span class='ocrx_word' id='word_1_183' title='bbox 589 2389 680 2436; x_wconf 89' lang='lat' dir='ltr'>suam</span> <span class='ocrx_word' id='word_1_184' title='bbox 695 2389 762 2436; x_wconf 86' lang='lat' dir='ltr'>rem</span> <span class='ocrx_word' id='word_1_185' title='bbox 776 2371 931 2436; x_wconf 88' lang='lat' dir='ltr'>convertit</span> <span class='ocrx_word' id='word_1_186' title='bbox 946 2369 1051 2454; x_wconf 67' lang='grc'>(1193</span> <span class='ocrx_word' id='word_1_187' title='bbox 1065 2371 1168 2455; x_wconf 86' lang='lat' dir='ltr'>Laert.</span> <span class='ocrx_word' id='word_1_188' title='bbox 1184 2370 1235 2454; x_wconf 90' lang='lat' dir='ltr'>VI,</span> <span class='ocrx_word' id='word_1_189' title='bbox 1248 2373 1288 2436; x_wconf 88' lang='lat'>85</span> 
     </span>
     <span class='ocr_line' id='line_1_22' title="bbox 158 2470 1288 2558; baseline -0.002 -18"><span class='ocrx_word' id='word_1_190' title='bbox 158 2477 194 2542; x_wconf 83' lang='lat' dir='ltr'>ir.</span> <span class='ocrx_word' id='word_1_191' title='bbox 218 2477 239 2538; x_wconf 88' lang='grc'>2</span> <span class='ocrx_word' id='word_1_192' title='bbox 261 2471 425 2555; x_wconf 81' lang='lat' dir='ltr'>Mullach).</span> <span class='ocrx_word' id='word_1_193' title='bbox 460 2470 526 2538; x_wconf 88' lang='lat' dir='ltr'>Nec</span> <span class='ocrx_word' id='word_1_194' title='bbox 549 2472 676 2539; x_wconf 88' lang='lat' dir='ltr'>fortuito</span> <span class='ocrx_word' id='word_1_195' title='bbox 698 2472 815 2538; x_wconf 86' lang='lat' dir='ltr'>factum</span> <span class='ocrx_word' id='word_1_196' title='bbox 839 2479 896 2554; x_wconf 85' lang='lat' dir='ltr'>est,</span> <span class='ocrx_word' id='word_1_197' title='bbox 920 2471 1003 2555; x_wconf 88' lang='lat' dir='ltr'>quod</span> <span class='ocrx_word' id='word_1_198' title='bbox 1019 2472 1084 2538; x_wconf 89' lang='lat' dir='ltr'>alia</span> <span class='ocrx_word' id='word_1_199' title='bbox 1099 2471 1288 2558; x_wconf 83' lang='lat' dir='ltr'>Gynioomm</span> 
     </span>
     <span class='ocr_line' id='line_1_23' title="bbox 159 2573 1287 2661; baseline -0.004 -17"><span class='ocrx_word' id='word_1_200' title='bbox 159 2577 291 2644; x_wconf 85' lang='lat' dir='ltr'>dicteria</span> <span class='ocrx_word' id='word_1_201' title='bbox 317 2575 492 2661; x_wconf 82' lang='lat' dir='ltr'>persimilis</span> <span class='ocrx_word' id='word_1_202' title='bbox 518 2582 591 2640; x_wconf 90' lang='lat' dir='ltr'>sunt</span> <span class='ocrx_word' id='word_1_203' title='bbox 623 2573 791 2640; x_wconf 81' lang='lat' dir='ltr'>sententiis</span> <span class='ocrx_word' id='word_1_204' title='bbox 824 2591 905 2657; x_wconf 86' lang='lat' dir='ltr'>quae</span> <span class='ocrx_word' id='word_1_205' title='bbox 939 2575 973 2639; x_wconf 91' lang='lat' dir='ltr'>in</span> <span class='ocrx_word' id='word_1_206' title='bbox 1002 2573 1099 2640; x_wconf 88' lang='lat' dir='ltr'>Paed.</span> <span class='ocrx_word' id='word_1_207' title='bbox 1133 2575 1287 2657; x_wconf 86' lang='lat' dir='ltr'>leguntur.</span> 
     </span>
     <span class='ocr_line' id='line_1_24' title="bbox 157 2674 1287 2764; baseline -0.004 -17"><span class='ocrx_word' id='word_1_208' title='bbox 157 2681 316 2764; x_wconf 87' lang='lat' dir='ltr'>Diogenes</span> <span class='ocrx_word' id='word_1_209' title='bbox 344 2678 471 2762; x_wconf 89' lang='lat' dir='ltr'>quidem</span> <span class='ocrx_word' id='word_1_210' title='bbox 498 2676 598 2759; x_wconf 85' lang='lat' dir='ltr'>(Stob.</span> <span class='ocrx_word' id='word_1_211' title='bbox 621 2674 687 2742; x_wconf 90' lang='lat' dir='ltr'>flor.</span> <span class='ocrx_word' id='word_1_212' title='bbox 713 2674 807 2757; x_wconf 80' lang='lat' dir='ltr'>V1,s</span> <span class='ocrx_word' id='word_1_213' title='bbox 831 2675 934 2742; x_wconf 81' lang='lat' dir='ltr'>Laert.</span> <span class='ocrx_word' id='word_1_214' title='bbox 959 2675 1011 2754; x_wconf 88' lang='lat' dir='ltr'>VI,</span> <span class='ocrx_word' id='word_1_215' title='bbox 1034 2678 1077 2741; x_wconf 80' lang='lat'>54</span> <span class='ocrx_word' id='word_1_216' title='bbox 1104 2677 1139 2742; x_wconf 82' lang='lat' dir='ltr'>fr.</span> <span class='ocrx_word' id='word_1_217' title='bbox 1165 2679 1206 2742; x_wconf 85' lang='lat'>19</span> <span class='ocrx_word' id='word_1_218' title='bbox 1228 2677 1287 2762; x_wconf 88' lang='grc' dir='ltr'>Μ.)</span> 
     </span>
     <span class='ocr_line' id='line_1_25' title="bbox 157 2778 1286 2871; baseline -0.003 -25"><span class='ocrx_word' id='word_1_219' title='bbox 157 2787 227 2871; x_wconf 79' lang='grc' dir='ltr'>πρός</span> <span class='ocrx_word' id='word_1_220' title='bbox 252 2805 313 2845; x_wconf 89' lang='grc' dir='ltr'>τινα</span> <span class='ocrx_word' id='word_1_221' title='bbox 338 2784 401 2844; x_wconf 83' lang='grc' dir='ltr'>νέον</span> <span class='ocrx_word' id='word_1_222' title='bbox 428 2786 563 2868; x_wconf 77' lang='grc' dir='ltr'>περιττῶς</span> <span class='ocrx_word' id='word_1_223' title='bbox 590 2778 846 2862; x_wconf 71' lang='grc' dir='ltr'>καλλωπιζόμενον</span> <span class='ocrx_word' id='word_1_224' title='bbox 871 2799 878 2814; x_wconf 89' lang='grc'><em>·</em></span> <span class='ocrx_word' id='word_1_225' title='bbox 902 2780 930 2842; x_wconf 80' lang='grc' dir='ltr'>εἰ</span> <span class='ocrx_word' id='word_1_226' title='bbox 957 2778 1016 2862; x_wconf 76' lang='grc' dir='ltr'>μὲν</span> <span class='ocrx_word' id='word_1_227' title='bbox 1042 2780 1125 2868; x_wconf 79' lang='grc' dir='ltr'>πρὸς</span> <span class='ocrx_word' id='word_1_228' title='bbox 1149 2781 1286 2869; x_wconf 82' lang='grc' dir='ltr'>ἄνδρας,</span> 
     </span>
     <span class='ocr_line' id='line_1_26' title="bbox 60 2882 1286 2975; baseline 0 -24"><span class='ocrx_word' id='word_1_229' title='bbox 60 2918 63 2923; x_wconf 94' lang='grc'><em>·</em></span> <span class='ocrx_word' id='word_1_230' title='bbox 157 2893 279 2975; x_wconf 80' lang='grc' dir='ltr'><strong>ἀτυχεῖς,</strong></span> <span class='ocrx_word' id='word_1_231' title='bbox 303 2887 386 2961; x_wconf 82' lang='grc' dir='ltr'>εἶπεν,</span> <span class='ocrx_word' id='word_1_232' title='bbox 411 2887 440 2948; x_wconf 80' lang='grc' dir='ltr'>εἰ</span> <span class='ocrx_word' id='word_1_233' title='bbox 462 2882 499 2947; x_wconf 80' lang='grc' dir='ltr'>δὲ</span> <span class='ocrx_word' id='word_1_234' title='bbox 521 2884 608 2972; x_wconf 81' lang='grc' dir='ltr'>πρὸς</span> <span class='ocrx_word' id='word_1_235' title='bbox 629 2890 806 2966; x_wconf 62' lang='grc' dir='ltr'>γυναῖκας,</span> <span class='ocrx_word' id='word_1_236' title='bbox 831 2883 941 2953; x_wconf 83' lang='grc' dir='ltr'>ἀδικεῖς.</span> <span class='ocrx_word' id='word_1_237' title='bbox 977 2882 1066 2950; x_wconf 87' lang='lat' dir='ltr'>Idem</span> <span class='ocrx_word' id='word_1_238' title='bbox 1090 2884 1210 2966; x_wconf 84' lang='lat' dir='ltr'>(Laert.</span> <span class='ocrx_word' id='word_1_239' title='bbox 1236 2884 1286 2970; x_wconf 86' lang='lat' dir='ltr'>Vl,</span> 
     </span>
     <span class='ocr_line' id='line_1_27' title="bbox 157 2986 1286 3073; baseline -0.003 -16"><span class='ocrx_word' id='word_1_240' title='bbox 157 2994 198 3057; x_wconf 87' lang='grc'>39</span> <span class='ocrx_word' id='word_1_241' title='bbox 220 2992 256 3056; x_wconf 86' lang='lat' dir='ltr'>fr.</span> <span class='ocrx_word' id='word_1_242' title='bbox 283 2991 344 3054; x_wconf 91' lang='grc'>119</span> <span class='ocrx_word' id='word_1_243' title='bbox 372 2987 443 3073; x_wconf 86' lang='grc' dir='ltr'>Μ.),</span> <span class='ocrx_word' id='word_1_244' title='bbox 471 3010 490 3052; x_wconf 88' lang='grc' dir='ltr'>ιι</span> <span class='ocrx_word' id='word_1_245' title='bbox 532 2986 678 3053; x_wconf 88' lang='lat' dir='ltr'>ostendat</span> <span class='ocrx_word' id='word_1_246' title='bbox 704 2986 834 3052; x_wconf 87' lang='lat' dir='ltr'>stultum</span> <span class='ocrx_word' id='word_1_247' title='bbox 862 3007 931 3053; x_wconf 90' lang='lat' dir='ltr'>esse</span> <span class='ocrx_word' id='word_1_248' title='bbox 959 2994 1054 3072; x_wconf 86' lang='lat' dir='ltr'>caput</span> <span class='ocrx_word' id='word_1_249' title='bbox 1080 2994 1286 3072; x_wconf 84' lang='lat' dir='ltr'>unguentare,</span> 
     </span>
     <span class='ocr_line' id='line_1_28' title="bbox 157 3089 1286 3179; baseline 0.004 -25"><span class='ocrx_word' id='word_1_250' title='bbox 157 3095 211 3158; x_wconf 86' lang='grc' dir='ltr'>ἀπὸ</span> <span class='ocrx_word' id='word_1_251' title='bbox 238 3096 293 3178; x_wconf 76' lang='grc' dir='ltr'>τῆς</span> <span class='ocrx_word' id='word_1_252' title='bbox 319 3091 451 3179; x_wconf 77' lang='grc' dir='ltr'>κεφαλῆς</span> <span class='ocrx_word' id='word_1_253' title='bbox 478 3090 522 3154; x_wconf 86' lang='lat' dir='ltr'>ait</span> <span class='ocrx_word' id='word_1_254' title='bbox 551 3091 590 3160; x_wconf 80' lang='grc' dir='ltr'>εἰς</span> <span class='ocrx_word' id='word_1_255' title='bbox 616 3089 664 3153; x_wconf 83' lang='grc' dir='ltr'>τάν</span> <span class='ocrx_word' id='word_1_256' title='bbox 696 3091 768 3177; x_wconf 81' lang='grc' dir='ltr'>ἀέρα</span> <span class='ocrx_word' id='word_1_257' title='bbox 800 3092 906 3154; x_wconf 83' lang='grc' dir='ltr'>ἀπιέναι</span> <span class='ocrx_word' id='word_1_258' title='bbox 928 3090 960 3152; x_wconf 85' lang='grc' dir='ltr'>τὸ</span> <span class='ocrx_word' id='word_1_259' title='bbox 984 3091 1085 3178; x_wconf 59' lang='lat' dir='ltr'>gripum</span> <span class='ocrx_word' id='word_1_260' title='bbox 1114 3109 1152 3155; x_wconf 84' lang='lat' dir='ltr'>ac</span> <span class='ocrx_word' id='word_1_261' title='bbox 1174 3090 1286 3158; x_wconf 84' lang='lat' dir='ltr'>similis</span> 
     </span>
     <span class='ocr_line' id='line_1_29' title="bbox 157 3191 1284 3276; baseline -0.01 -10"><span class='ocrx_word' id='word_1_262' title='bbox 157 3205 260 3266; x_wconf 84' lang='lat' dir='ltr'>exstat</span> <span class='ocrx_word' id='word_1_263' title='bbox 282 3197 439 3265; x_wconf 83' lang='lat' dir='ltr'>sententia</span> <span class='ocrx_word' id='word_1_264' title='bbox 463 3196 494 3260; x_wconf 92' lang='lat' dir='ltr'>iu</span> <span class='ocrx_word' id='word_1_265' title='bbox 519 3193 593 3260; x_wconf 86' lang='lat' dir='ltr'>Luc.</span> <span class='ocrx_word' id='word_1_266' title='bbox 614 3191 702 3274; x_wconf 88' lang='lat' dir='ltr'>Nigr.</span> <span class='ocrx_word' id='word_1_267' title='bbox 724 3212 750 3258; x_wconf 89' lang='lat' dir='ltr'>c.</span> <span class='ocrx_word' id='word_1_268' title='bbox 767 3194 819 3258; x_wconf 83' lang='lat'>32.</span> <span class='ocrx_word' id='word_1_269' title='bbox 843 3191 890 3258; x_wconf 84' lang='lat' dir='ltr'>Gi.</span> <span class='ocrx_word' id='word_1_270' title='bbox 915 3192 1012 3261; x_wconf 82' lang='lat' dir='ltr'>Clam.</span> <span class='ocrx_word' id='word_1_271' title='bbox 1036 3191 1088 3274; x_wconf 90' lang='lat' dir='ltr'>Ill,</span> <span class='ocrx_word' id='word_1_272' title='bbox 1105 3193 1144 3256; x_wconf 88' lang='grc'>19</span> <span class='ocrx_word' id='word_1_273' title='bbox 1168 3212 1198 3276; x_wconf 92' lang='lat' dir='ltr'>p.</span> <span class='ocrx_word' id='word_1_274' title='bbox 1222 3194 1284 3259; x_wconf 90' lang='grc'>263</span> 
     </span>
     <span class='ocr_line' id='line_1_30' title="bbox 157 3294 1284 3382; baseline -0.01 -16"><span class='ocrx_word' id='word_1_275' title='bbox 157 3301 190 3368; x_wconf 91' lang='lat' dir='ltr'>P.</span> <span class='ocrx_word' id='word_1_276' title='bbox 213 3301 245 3364; x_wconf 83' lang='grc' dir='ltr'>τὸ</span> <span class='ocrx_word' id='word_1_277' title='bbox 267 3298 299 3362; x_wconf 85' lang='grc' dir='ltr'>δὲ</span> <span class='ocrx_word' id='word_1_278' title='bbox 326 3297 519 3379; x_wconf 82' lang='grc' dir='ltr'>καλλωπιομα</span> <span class='ocrx_word' id='word_1_279' title='bbox 540 3303 594 3382; x_wconf 80' lang='grc' dir='ltr'>τῆς</span> <span class='ocrx_word' id='word_1_280' title='bbox 615 3295 781 3371; x_wconf 87' lang='grc' dir='ltr'>λειάνσεως,</span> <span class='ocrx_word' id='word_1_281' title='bbox 810 3296 838 3358; x_wconf 84' lang='grc' dir='ltr'>εἷ</span> <span class='ocrx_word' id='word_1_282' title='bbox 866 3295 929 3379; x_wconf 82' lang='grc' dir='ltr'>μὲν</span> <span class='ocrx_word' id='word_1_283' title='bbox 956 3295 1009 3359; x_wconf 83' lang='grc' dir='ltr'>ἐπὶ</span> <span class='ocrx_word' id='word_1_284' title='bbox 1036 3294 1116 3365; x_wconf 84' lang='grc' dir='ltr'>τοὺς</span> <span class='ocrx_word' id='word_1_285' title='bbox 1143 3295 1284 3381; x_wconf 79' lang='grc' dir='ltr'>ἄνδρας,</span> 
     </span>
     <span class='ocr_line' id='line_1_31' title="bbox 156 3396 1284 3500; baseline -0.006 -32"><span class='ocrx_word' id='word_1_286' title='bbox 156 3405 321 3492; x_wconf 81' lang='grc' dir='ltr'>δηλοδρίοο,</span> <span class='ocrx_word' id='word_1_287' title='bbox 347 3405 375 3465; x_wconf 85' lang='grc' dir='ltr'>εἰ</span> <span class='ocrx_word' id='word_1_288' title='bbox 396 3400 431 3464; x_wconf 87' lang='grc' dir='ltr'>δὲ</span> <span class='ocrx_word' id='word_1_289' title='bbox 446 3400 507 3500; x_wconf 43' lang='grc' dir='ltr'>,ἐπὶ</span> <span class='ocrx_word' id='word_1_290' title='bbox 528 3405 704 3484; x_wconf 59' lang='lat' dir='ltr'>gosuinus,</span> <span class='ocrx_word' id='word_1_291' title='bbox 729 3407 837 3486; x_wconf 81' lang='grc' dir='ltr'>μοιχοῦ,</span> <span class='ocrx_word' id='word_1_292' title='bbox 865 3398 903 3479; x_wconf 88' lang='grc' dir='ltr'>ΙΙ,</span> <span class='ocrx_word' id='word_1_293' title='bbox 928 3401 974 3465; x_wconf 79' lang='grc'>70</span> <span class='ocrx_word' id='word_1_294' title='bbox 991 3419 1021 3485; x_wconf 90' lang='lat' dir='ltr'>p.</span> <span class='ocrx_word' id='word_1_295' title='bbox 1045 3402 1106 3463; x_wconf 80' lang='lat'>211</span> <span class='ocrx_word' id='word_1_296' title='bbox 1131 3396 1166 3462; x_wconf 89' lang='lat' dir='ltr'>P:</span> <span class='ocrx_word' id='word_1_297' title='bbox 1190 3400 1284 3462; x_wconf 88' lang='grc' dir='ltr'>ἀναδι-</span> 
     </span>
     <span class='ocr_line' id='line_1_32' title="bbox 155 3501 1284 3596; baseline -0.007 -22"><span class='ocrx_word' id='word_1_298' title='bbox 155 3511 260 3594; x_wconf 81' lang='grc' dir='ltr'>δούσης</span> <span class='ocrx_word' id='word_1_299' title='bbox 281 3509 335 3596; x_wconf 61' lang='lat' dir='ltr'>peip</span> <span class='ocrx_word' id='word_1_300' title='bbox 358 3509 418 3570; x_wconf 88' lang='grc' dir='ltr'>ἄνω</span> <span class='ocrx_word' id='word_1_301' title='bbox 441 3505 488 3568; x_wconf 86' lang='grc' dir='ltr'>καὶ</span> <span class='ocrx_word' id='word_1_302' title='bbox 516 3505 755 3591; x_wconf 76' lang='grc' dir='ltr'>ἀναδομιωμένης</span> <span class='ocrx_word' id='word_1_303' title='bbox 781 3505 855 3568; x_wconf 87' lang='grc' dir='ltr'>κατά</span> <span class='ocrx_word' id='word_1_304' title='bbox 882 3504 963 3591; x_wconf 81' lang='grc' dir='ltr'>φύσιν</span> <span class='ocrx_word' id='word_1_305' title='bbox 990 3509 1043 3588; x_wconf 78' lang='grc' dir='ltr'>τῆς</span> <span class='ocrx_word' id='word_1_306' title='bbox 1070 3502 1189 3572; x_wconf 78' lang='grc' dir='ltr'>εὐωδίας</span> <span class='ocrx_word' id='word_1_307' title='bbox 1217 3501 1284 3592; x_wconf 82' lang='grc' dir='ltr'>ὑπὲρ</span> 
     </span>
     <span class='ocr_line' id='line_1_33' title="bbox 155 3606 1282 3701; baseline -0.004 -23"><span class='ocrx_word' id='word_1_308' title='bbox 155 3615 207 3698; x_wconf 78' lang='grc' dir='ltr'>τὴν</span> <span class='ocrx_word' id='word_1_309' title='bbox 235 3612 368 3701; x_wconf 76' lang='grc' dir='ltr'>κεφαλὴν</span> <span class='ocrx_word' id='word_1_310' title='bbox 395 3612 504 3699; x_wconf 77' lang='grc' dir='ltr'>ἔρημος</span> <span class='ocrx_word' id='word_1_311' title='bbox 525 3613 580 3694; x_wconf 81' lang='grc' dir='ltr'>πής</span> <span class='ocrx_word' id='word_1_312' title='bbox 602 3610 790 3682; x_wconf 75' lang='grc' dir='ltr'>ἀπολαύσεως</span> <span class='ocrx_word' id='word_1_313' title='bbox 812 3611 832 3695; x_wconf 84' lang='grc' dir='ltr'>ἡ</span> <span class='ocrx_word' id='word_1_314' title='bbox 857 3612 993 3692; x_wconf 72' lang='grc' dir='ltr'>ἀναπνοὴ.</span> <span class='ocrx_word' id='word_1_315' title='bbox 1027 3607 1088 3673; x_wconf 88' lang='lat' dir='ltr'>Dio</span> <span class='ocrx_word' id='word_1_316' title='bbox 1104 3606 1215 3692; x_wconf 83' lang='lat' dir='ltr'>Chrys.</span> <span class='ocrx_word' id='word_1_317' title='bbox 1238 3627 1282 3673; x_wconf 88' lang='lat' dir='ltr'>or.</span> 
     </span>
     <span class='ocr_line' id='line_1_34' title="bbox 118 3706 1284 3802; baseline -0.005 -22"><span class='ocrx_word' id='word_1_318' title='bbox 118 3741 119 3745; x_wconf 43' lang='lat'>¹</span> <span class='ocrx_word' id='word_1_319' title='bbox 159 3717 198 3783; x_wconf 92' lang='lat' dir='ltr'>VI</span> <span class='ocrx_word' id='word_1_320' title='bbox 220 3739 250 3802; x_wconf 89' lang='lat' dir='ltr'>p.</span> <span class='ocrx_word' id='word_1_321' title='bbox 274 3717 336 3781; x_wconf 90' lang='grc'>203</span> <span class='ocrx_word' id='word_1_322' title='bbox 361 3715 396 3780; x_wconf 83' lang='lat' dir='ltr'>R.</span> <span class='ocrx_word' id='word_1_323' title='bbox 420 3720 528 3780; x_wconf 88' lang='lat' dir='ltr'>narrat</span> <span class='ocrx_word' id='word_1_324' title='bbox 555 3733 680 3798; x_wconf 87' lang='lat' dir='ltr'>semper</span> <span class='ocrx_word' id='word_1_325' title='bbox 707 3714 801 3780; x_wconf 89' lang='lat' dir='ltr'>nudis</span> <span class='ocrx_word' id='word_1_326' title='bbox 827 3713 1004 3797; x_wconf 88' lang='lat' dir='ltr'>Diogenem</span> <span class='ocrx_word' id='word_1_327' title='bbox 1030 3710 1128 3775; x_wconf 82' lang='lat' dir='ltr'>fuisse</span> <span class='ocrx_word' id='word_1_328' title='bbox 1151 3706 1284 3794; x_wconf 90' lang='lat' dir='ltr'>pedibus</span> 
     </span>
     <span class='ocr_line' id='line_1_35' title="bbox 156 3812 1283 3902; baseline -0.009 -18"><span class='ocrx_word' id='word_1_329' title='bbox 156 3819 312 3886; x_wconf 85' lang='lat' dir='ltr'>dicentem</span> <span class='ocrx_word' id='word_1_330' title='bbox 335 3836 398 3883; x_wconf 92' lang='lat' dir='ltr'>non</span> <span class='ocrx_word' id='word_1_331' title='bbox 419 3816 520 3899; x_wconf 87' lang='lat' dir='ltr'>magis</span> <span class='ocrx_word' id='word_1_332' title='bbox 535 3816 711 3898; x_wconf 87' lang='lat' dir='ltr'>tegimento</span> <span class='ocrx_word' id='word_1_333' title='bbox 733 3816 867 3902; x_wconf 87' lang='lat' dir='ltr'>pedibus</span> <span class='ocrx_word' id='word_1_334' title='bbox 884 3834 977 3900; x_wconf 87' lang='lat' dir='ltr'><strong>quum</strong></span> <span class='ocrx_word' id='word_1_335' title='bbox 993 3812 1092 3879; x_wconf 90' lang='lat' dir='ltr'>oculis</span> <span class='ocrx_word' id='word_1_336' title='bbox 1107 3830 1186 3896; x_wconf 90' lang='lat' dir='ltr'>opus</span> <span class='ocrx_word' id='word_1_337' title='bbox 1202 3829 1283 3892; x_wconf 88' lang='lat' dir='ltr'>esse,</span> 
     </span>
     <span class='ocr_line' id='line_1_36' title="bbox 154 3915 1284 4010; baseline -0.012 -24"><span class='ocrx_word' id='word_1_338' title='bbox 154 3923 197 4008; x_wconf 71' lang='grc' dir='ltr'>’μὴ</span> <span class='ocrx_word' id='word_1_339' title='bbox 219 3923 272 4010; x_wconf 67' lang='lat' dir='ltr'>peip</span> <span class='ocrx_word' id='word_1_340' title='bbox 295 3921 364 3984; x_wconf 84' lang='grc' dir='ltr'>εἶναι</span> <span class='ocrx_word' id='word_1_341' title='bbox 385 3927 444 3990; x_wconf 86' lang='grc' dir='ltr'>τοῖς</span> <span class='ocrx_word' id='word_1_342' title='bbox 466 3919 626 4008; x_wconf 76' lang='grc' dir='ltr'>ἀνθρώποις</span> <span class='ocrx_word' id='word_1_343' title='bbox 648 3919 765 3982; x_wconf 83' lang='grc' dir='ltr'>δυνατὸν</span> <span class='ocrx_word' id='word_1_344' title='bbox 787 3917 1096 4002; x_wconf 82' lang='grc' dir='ltr'>καταδηοαμένους</span> <span class='ocrx_word' id='word_1_345' title='bbox 1117 3915 1153 3975; x_wconf 89' lang='grc' dir='ltr'>τά</span> <span class='ocrx_word' id='word_1_346' title='bbox 1168 3915 1284 3996; x_wconf 82' lang='grc' dir='ltr'>ὄμματα</span> 
     </span>
     <span class='ocr_line' id='line_1_37' title="bbox 156 4014 1282 4112; baseline -0.008 -19"><span class='ocrx_word' id='word_1_347' title='bbox 156 4029 290 4112; x_wconf 71' lang='grc' dir='ltr'>βαδίζειν,</span> <span class='ocrx_word' id='word_1_348' title='bbox 319 4025 415 4112; x_wconf 77' lang='grc' dir='ltr'>ὥσπερ</span> <span class='ocrx_word' id='word_1_349' title='bbox 443 4023 509 4095; x_wconf 82' lang='grc' dir='ltr'>τοὺς</span> <span class='ocrx_word' id='word_1_350' title='bbox 531 4025 628 4094; x_wconf 86' lang='grc' dir='ltr'>ποδας·.</span> <span class='ocrx_word' id='word_1_351' title='bbox 673 4014 817 4089; x_wconf 90' lang='lat' dir='ltr'>Eandem</span> <span class='ocrx_word' id='word_1_352' title='bbox 845 4022 1022 4088; x_wconf 87' lang='lat' dir='ltr'>calceorum</span> <span class='ocrx_word' id='word_1_353' title='bbox 1051 4038 1123 4083; x_wconf 89' lang='lat' dir='ltr'>cum</span> <span class='ocrx_word' id='word_1_354' title='bbox 1149 4015 1282 4084; x_wconf 88' lang='lat' dir='ltr'>vinculis</span> 
     </span>
    </p>
   </div>
   <div class='ocr_carea' id='block_1_5' title="bbox 156 4121 1283 4279">
    <p class='ocr_par' dir='ltr' id='par_1_5' title="bbox 156 4121 1283 4279">
     <span class='ocr_line' id='line_1_38' title="bbox 156 4121 1283 4279; baseline -0.015 -81"><span class='ocrx_word' id='word_1_355' title='bbox 156 4131 424 4217; x_wconf 85' lang='lat' dir='ltr'>comparationem</span> <span class='ocrx_word' id='word_1_356' title='bbox 448 4127 546 4195; x_wconf 88' lang='lat' dir='ltr'>habes</span> <span class='ocrx_word' id='word_1_357' title='bbox 568 4125 652 4212; x_wconf 88' lang='lat' dir='ltr'>apud</span> <span class='ocrx_word' id='word_1_358' title='bbox 676 4123 773 4190; x_wconf 82' lang='lat' dir='ltr'>Diem.</span> <span class='ocrx_word' id='word_1_359' title='bbox 797 4122 834 4206; x_wconf 89' lang='lat' dir='ltr'>II,</span> <span class='ocrx_word' id='word_1_360' title='bbox 859 4125 930 4207; x_wconf 81' lang='lat'><strong>117,</strong></span> <span class='ocrx_word' id='word_1_361' title='bbox 953 4144 984 4207; x_wconf 91' lang='lat' dir='ltr'>p.</span> <span class='ocrx_word' id='word_1_362' title='bbox 1000 4123 1064 4186; x_wconf 82' lang='lat'>240</span> <span class='ocrx_word' id='word_1_363' title='bbox 1085 4121 1133 4279; x_wconf 61' lang='grc' dir='ltr'>κ2αὶ</span> <span class='ocrx_word' id='word_1_364' title='bbox 1152 4125 1206 4207; x_wconf 60' lang='grc' dir='ltr'>γάρ</span> <span class='ocrx_word' id='word_1_365' title='bbox 1222 4142 1283 4192; x_wconf 78' lang='grc' dir='ltr'>πως</span> 
     </span>
    </p>
   </div>
   <div class='ocr_carea' id='block_1_6' title="bbox 0 0 1614 4896">
    <p class='ocr_par' dir='ltr' id='par_1_6' title="bbox 0 0 1614 4896">
     <span class='ocr_line' id='line_1_39' title="bbox 0 0 1614 4896; baseline 0 5"><span class='ocrx_word' id='word_1_366' title='bbox 0 0 1614 4896; x_wconf 95' lang='lat' dir='ltr'> </span> 
     </span>
    </p>
   </div>
  </div>
 </body>
</html>
