3218 4896
745 307 958 370 ..50-

287 491 440 558 familiam
463 491 647 576 regendam,
669 493 801 576 looulos,
829 489 934 560 alares
961 493 1185 560 custodiendas
1219 494 1330 578 (Paed.
1367 494 1416 578 ΙΙΙ,

288 596 329 658 88
352 615 383 680 p.
406 594 495 679 288),
521 595 693 661 lanitioium
721 593 969 681 dispensandum
993 588 1102 678 (Paed.
1125 595 1177 679 Ill,
1200 599 1241 660 27
1269 618 1300 683 p.
1328 598 1417 680 289),

288 698 405 764 vietum
427 696 661 782 procurandum
684 696 749 782 (Ill,
772 701 814 763 49
836 719 868 783 p.
890 699 980 783 283),
1008 717 1100 766 ouras
1127 699 1416 785 comminuendas)

288 799 384 882 (llus.
419 799 504 885 apud
531 799 616 867 Stob.
646 798 697 882 ΠΙ,
731 821 762 886 p.
797 802 832 865 5:
865 801 959 886 itaqu
994 802 1175 890 ἐλαφρόνειεν
1210 806 1244 866 ἂν
1276 803 1417 869 mulieris

287 903 512 989 praesentia).
543 951 550 968 .
579 951 587 967 .
616 951 624 967 .
659 900 751 970 Nune
784 911 817 970 et
849 922 977 972 consors
1009 925 1139 972 onerum
1174 906 1417 974 domestieornm

288 1006 470 1074 necessaria
491 1010 539 1072 est
562 1003 656 1089 (Mus.
680 1004 766 1090 apud
790 1005 876 1074 Stob.
900 1008 920 1073 l.
951 1027 978 1074 e.
1007 1011 1116 1097 ἀνδρῶν
1144 1009 1175 1074 δὲ
1202 1011 1250 1073 καὶ
1282 1016 1418 1094 γυναικῶν

288 1111 432 1179 κοινωνίας
455 1108 551 1192 ἄλλην
574 1107 625 1171 οὐκ
648 1108 835 1196 donipetra
858 1113 1092 1202 ἀναγκαιοτέραν)
1117 1162 1174 1181 ...
1199 1113 1418 1199 Sedpostori·

288 1221 386 1282 tatem
408 1213 586 1296 recogitant
601 1211 782 1295 Christiani,
798 1214 909 1297 quibus
926 1219 1096 1284 erastinum
1115 1237 1180 1284 non
1195 1224 1252 1283 est.
1276 1215 1418 1282 Heredes

288 1317 340 1384 dei
364 1333 473 1384 servus
496 1313 690 1382 desiderabit
712 1314 844 1399 (Strom.
867 1316 904 1402 ΙΙ,
929 1321 1001 1402 139,
1026 1321 1087 1384 140
1108 1340 1140 1406 p.
1163 1321 1237 1402 504,
1260 1319 1299 1386 ol.
1323 1338 1420 1405 supra

288 1439 320 1507 p.
343 1419 400 1504 32)
424 1467 508 1484 ....
530 1414 691 1501 Numquid
713 1437 788 1500 ergo
811 1418 992 1488 huiusmodi
1015 1429 1047 1488 et
1065 1422 1259 1508 reipublicae
1273 1428 1419 1507 respectu

289 1519 446 1606 aguntur?
470 1540 510 1587 ne
538 1520 681 1586 'divitates
709 1519 868 1605 deliniant,
896 1524 923 1589 si
956 1523 1083 1592 suboles
1116 1544 1179 1591 non
1213 1531 1420 1592 exeroeantur

290 1627 332 1710 (v.
355 1623 447 1708 ibid.)
476 1670 484 1687 .
512 1671 521 1690 .
550 1670 559 1687 .
588 1670 596 1689 .
631 1621 796 1689 Suftioiant
817 1623 860 1689 ad
882 1626 1049 1693 eonsilium
1077 1627 1238 1694 viduitatis
1265 1627 1315 1693 vel
1348 1629 1419 1710 ista,

289 1728 460 1815 praecipue
492 1722 579 1811 apud
612 1742 680 1808 nos,
709 1726 933 1812 importunitas
965 1728 1146 1812 liberorum,
1175 1729 1218 1796 ad
1244 1749 1322 1814 quos
1350 1749 1419 1796 sus·

283 1828 454 1918 alpiendos
487 1828 610 1910 legibus
644 1826 740 1911 (Mus.
775 1829 859 1915 apud
893 1830 979 1898 Stob.
1013 1831 1065 1914 ΙΙΙ,
1100 1835 1153 1912 74)
1190 1832 1435 1918 compelluntur·

290 1932 466 2001 homines“.
511 1929 568 1997 His
590 1931 762 2015 postremis
788 1932 892 1998 verbis
922 1932 1094 2000 Democriti
1121 1935 1282 2001 'rationem
1315 1936 1419 2020 ipsam

291 2055 415 2121 quoque
437 2033 566 2100 allatam
590 2031 703 2099 Strom.
726 2031 765 2115 ΙΙ,
782 2034 843 2098 138
867 2035 1064 2120 amplexatus
1087 2041 1138 2103 888
1153 2036 1207 2119 (ol.
1223 2034 1273 2101 Ad
1289 2055 1418 2102 uxorem

290 2139 314 2222 Ι,
337 2140 388 2223 5):
413 2135 495 2215 Quid
517 2134 633 2220 igitur?
668 2134 865 2204 Clementem
886 2137 948 2204 hoo
969 2137 1039 2205 looo
1062 2137 1271 2206 Tertullianus
1294 2144 1420 2206 8888888

291 2241 359 2310 est?
405 2239 536 2306 Minime
569 2256 654 2304 vero.
699 2236 780 2305 Nam
814 2242 961 2326 primum,
996 2261 1068 2307 oum
1104 2260 1162 2327 per
1193 2249 1293 2308 totum
1327 2249 1422 2326 eaput

193 2341 197 2348 '
291 2345 539 2412 Christianorum
567 2343 747 2410 oasdtatem
775 2350 807 2409 88
839 2343 1024 2412 viduitatem
1059 2345 1224 2412 saumariis
1257 2345 1421 2427 gentilium

290 2444 430 2514 moribus
453 2446 594 2533 opponit,
618 2446 695 2513 satis
717 2446 873 2529 signifieat
894 2447 1021 2529 gentilis
1049 2448 1209 2534 seriptorie
1236 2447 1375 2514 rationes
1401 2467 1422 2512 a

291 2571 327 2618 se
348 2547 488 2616 refutari.
533 2545 612 2612 Tum
641 2547 681 2614 ab
709 2567 747 2615 eo
772 2548 973 2634 proferuntur
999 2550 1138 2617 rationes
1166 2549 1323 2635 quaedam
1351 2547 1420 2616 Mu·

291 2654 443 2720 sonianae
469 2669 490 2718 a
517 2649 681 2718 Clemente
713 2649 810 2737 plane
842 2653 990 2735 omissae,
1022 2653 1055 2719 in
1090 2654 1326 2721 commentariis
1358 2653 1421 2719 illis

292 2755 438 2822 traditae.
483 2751 570 2831 Quae
598 2773 670 2820 oum
699 2754 745 2820 ita
772 2754 845 2837 sint,
879 2752 1009 2821 dubium
1042 2775 1106 2821 non
1141 2762 1199 2838 ost,
1233 2756 1308 2839 quin
1341 2754 1421 2820 haee

291 2858 399 2925 omnia
420 2877 461 2923 ex
483 2855 619 2923 Musonii
642 2875 738 2941 opere
760 2857 938 2941 sumpserit.
983 2855 1092 2940 Neque
1114 2858 1270 2923 incertum
1292 2864 1341 2927 est
1360 2877 1420 2941 quo

292 2959 387 3028 modo
410 2958 451 3025 de
473 2959 587 3026 ceteris
609 2958 688 3026 loeis
711 2978 731 3024 a
753 2956 976 3026 Noeldeehouo
999 2978 1070 3025 eum
1095 2957 1260 3026 Clemente
1288 2959 1422 3026 anulatis

292 3062 407 3130 debeat
428 3062 570 3129 iudicari.
615 3059 681 3127 Ηο8
704 3061 789 3128 enim
816 3061 903 3146 ipsos
930 3081 1064 3146 quoque,
1092 3063 1144 3146 qni
1167 3062 1273 3128 viaet
1298 3062 1422 3128 ratione

291 3165 445 3252 prooedit,
479 3163 522 3231 ad
553 3163 733 3231 Musonium
767 3170 928 3236 auotorem
962 3163 1085 3230 referet.
1136 3163 1240 3248 Atque
1276 3163 1312 3229 id
1347 3163 1423 3230 inde

292 3269 503 3352 confirmatur,
528 3267 612 3352 quod
637 3266 800 3334 nonnullis
827 3267 905 3334 loeis
931 3265 1157 3354 Tertullianum
1190 3273 1279 3352 patet
1311 3286 1350 3332 ea
1383 3285 1423 3332 er

290 3371 389 3439 Stoioi
411 3371 492 3438 libro
513 3368 723 3451 transtulisse,
746 3388 827 3453 quae
850 3367 997 3435 Clemens
1020 3369 1135 3434 omisit.
1155 3405 1157 3408 ·
1181 3366 1423 3436 Nooldeohonus

293 3482 412 3557 autem,
444 3478 482 3540 ut
514 3473 643 3540 omnino
676 3492 743 3538 rem
777 3491 864 3537 suam
899 3490 963 3537 non
996 3471 1074 3537 satis
1108 3478 1255 3537 aoourate
1287 3471 1424 3553 gassie),

247 3643 249 3648 ,
293 3576 407 3644 multos
444 3577 531 3643 looos
564 3581 597 3641 88
628 3575 714 3660 ipsos
747 3574 950 3656 gravissimos
983 3572 1097 3659 omisit.
1143 3572 1219 3656 Hos,
1253 3594 1331 3657 quos
1368 3573 1423 3638 ille

293 3679 442 3762 neglexit,
465 3677 552 3744 looos
575 3678 637 3743 iam
662 3696 734 3743 aum
758 3675 920 3742 Clemente
943 3683 1134 3760 oomp'arem.
1169 3675 1218 3742 De
1241 3676 1325 3742 oultu
1348 3676 1421 3742 lem.

291 3781 316 3865 I,
339 3784 373 3848 5:
399 3782 537 3864 „Aurum
561 3785 594 3846 et
622 3786 787 3863 argentum
814 3779 849 3845 id
875 3780 940 3846 sint
973 3797 1104 3845 neeesse
1138 3783 1189 3845 est
1221 3777 1307 3844 uude
1339 3784 1423 3861 sunt,

379 3952 397 4020 ¹)
415 3951 495 4007 Haeo
514 3951 624 4008 Oehleri
641 3952 801 4006 coniectura
819 3950 939 4006 Musonii
957 3950 1048 4004 verbis
1067 3949 1177 4019 egregie
1195 3949 1377 4004 confirmatur.

377 4037 399 4103 2)
419 4037 585 4092 Pordiifieile
603 4041 647 4090 888
665 4037 815 4094 Clementis
832 4036 917 4102 locos,
936 4051 1004 4106 qnos
1019 4034 1122 4106 profert
1133 4034 1179 4100 N,
1191 4035 1320 4089 inveniro.
1351 4033 1422 4088 Nam

293 4125 413 4194 sapitum
439 4123 520 4176 modo
547 4137 674 4177 numeros
699 4121 786 4192 ponit,
814 4126 871 4182 tum
899 4119 978 4175 addit
1005 4136 1130 4174 numeros
1159 4120 1327 4190 paginarum,
1355 4135 1424 4189 quas

293 4209 433 4280 Sylburgii
452 4225 513 4264 8888
531 4208 606 4264 dicit.
642 4207 718 4274 Quae
737 4207 815 4264 ouius
832 4207 944 4262 tandem
963 4207 1095 4261 editionis
1113 4205 1177 4273 sint,
1195 4205 1295 4260 neseio.
