3218 4896
762 321 973 383 ..16-

306 532 366 594 quo
392 512 612 596 comprobatur
636 510 719 595 quod
743 509 782 575 de
798 510 865 576 eius
881 517 985 575 aetate
1000 510 1105 591 stetui,
1122 511 1252 594 cynicao
1275 509 1345 575 dico
1367 509 1432 576 dis·

306 615 440 700 ciplinac
464 615 601 680 studium
625 614 783 699 quoddam
807 621 838 678 et
864 633 1014 678 arnonem.
1060 612 1165 695 Stoici,
1201 633 1270 679 cum
1293 612 1368 678 olim
1392 632 1432 679 ex

306 717 494 803 Cynicorum
519 717 628 784 schole
649 718 781 803 proiecti
805 725 920 799 essent,
944 717 1044 800 magis
1064 717 1226 802 magisque
1241 715 1433 784 recedebant

306 821 346 886 ab
370 821 455 888 illius
478 827 586 888 sectae
610 821 792 888 austeritate
821 826 853 885 et
880 819 1064 902 acerbitate3
1093 820 1180 887 cuius
1212 821 1246 885 in
1280 819 1432 885 Panaetio

271 970 274 975 -
307 923 436 1009 quidem
461 932 496 1003 et
514 923 683 991 Posidonio
708 926 759 988 vix
780 922 876 988 ullum
902 924 1065 1006 vestigium
1088 923 1241 990 invenias.
1287 921 1350 990 Sed
1372 942 1432 1007 quo

306 1028 408 1110 magis
435 1029 534 1092 nimia
560 1028 686 1093 luxuria
713 1034 874 1113 corruptos
902 1046 1005 1093 mores
1038 1027 1068 1092 ei
1101 1026 1305 1112 simplicitati,
1340 1046 1433 1111 quarn

308 1131 369 1216 ipsi
391 1132 578 1217 probabant,
606 1151 782 1216 repugnare
808 1131 968 1213 videbant,
997 1129 1092 1197 Stoici
1120 1129 1261 1195 arbitrati
1288 1138 1434 1215 oportere

307 1235 339 1298 in
355 1241 499 1299 naturam
517 1237 653 1301 converti
671 1241 703 1300 et
718 1255 754 1301 eo
771 1235 890 1300 restitui
907 1233 992 1299 unde
1008 1233 1150 1319 publicus
1166 1253 1253 1299 error
1268 1233 1433 1318 expulerit,

307 1358 399 1421 quem
434 1339 620 1404 remiserant
653 1339 788 1422 rigorem
822 1337 1038 1404 intendebant.
1090 1335 1131 1402 Et
1166 1337 1293 1402 ineunte
1330 1338 1432 1421 primo

307 1441 433 1507 saeculo
457 1462 497 1506 ex
520 1443 620 1507 stoica
643 1441 751 1508 schola
773 1443 794 1505 ii
819 1442 977 1507 exstitisse
1000 1440 1154 1523 videntur,
1178 1441 1230 1524 qui
1253 1441 1427 1526 cynismum

307 1564 459 1611 renovare
481 1564 519 1610 ac
542 1546 707 1611 restituere
731 1544 927 1624 studerentb.
964 1542 1072 1628 Neque
1094 1545 1189 1627 igitur
1204 1545 1231 1610 si
1247 1544 1430 1624 cogitaveris

303 1645 369 1732 'quo
397 1647 490 1715 modo
518 1657 550 1714 et
578 1649 688 1734 quibus
718 1648 757 1713 de
785 1649 888 1714 causis
917 1648 1029 1734 cynica
1056 1654 1142 1714 secta
1169 1649 1318 1713 revixerit
1339 1652 1434 1732 atque

308 1749 486 1835 effloruerit,
515 1753 679 1818 miraberis
706 1753 895 1837 posteriores
923 1751 1045 1817 Stoicos
1079 1750 1249 1816 admodum
1285 1754 1435 1832 cognatos

309 1861 341 1920 et
356 1854 526 1922 familiares
543 1855 670 1938 Cynicis
686 1856 791 1920 fuisse.
826 1854 1062 1939 Amplissimam
1077 1853 1256 1938 disputandi
1271 1854 1433 1919 materiam

309 1959 430 2042 utrique
453 1958 580 2024 scholae
604 1965 713 2024 contra
735 1979 856 2022 morum
877 1959 1064 2041 pravitatem
1081 1945 1327 2022 declamationes
1343 1976 1435 2042 prae-

311 2062 426 2126 bebant
449 2062 628 2127 differentes
652 2061 745 2127 modo
769 2063 888 2125 maiore
912 2061 960 2125 vel
981 2061 1101 2124 minore
1117 2061 1292 2124 severitate.
1338 2057 1437 2124 Erant

310 2163 418 2249 Cynici
444 2166 493 2247 qui
519 2185 538 2228 a
560 2165 696 2245 genuino
721 2164 810 2228 huius
834 2169 940 2228 sectae
963 2170 994 2227 et
1023 2164 1124 2245 rigore
1153 2170 1185 2227 et
1207 2163 1352 2244 squalore
1381 2162 1436 2227 ab·

310 2266 472 2332 horrentes
489 2267 644 2331 mitiorem
662 2267 855 2331 adornabant
871 2267 1022 2331 rationem
1041 2259 1153 2330 Stoicis
1171 2267 1274 2350 potius
1290 2265 1436 2345 similem,
1540 2323 1544 2330 .

311 2369 393 2434 velut
416 2369 595 2436 Demetrius
618 2379 712 2454 atque
735 2370 910 2434 Demonex.
955 2369 1004 2435 Ab
1027 2369 1129 2434 altera
1151 2379 1240 2454 parte
1263 2368 1360 2433 Stoici
1383 2375 1437 2432 aut

308 2475 369 2557 ipsi
397 2474 541 2557 cynicum
570 2473 708 2538 habitum
739 2472 924 2556 vivendique
951 2473 1116 2536 rationem·
1139 2472 1350 2555 sequebantur
1384 2478 1437 2536 ant

310 2583 396 2642 certe
420 2578 562 2661 cynieam
589 2577 788 2661 disciplinam
812 2575 958 2640 laudibus
975 2575 1177 2639 extollebant.
1218 2571 1328 2639 Nonne
1345 2583 1436 2658 putas

311 2681 463 2765 Cynicum
480 2689 511 2744 te
528 2679 646 2761 audire,
668 2681 694 2744 si
714 2679 793 2761 legis
810 2678 893 2764 apud
911 2679 1063 2742 Senecam
1081 2678 1184 2762 (epist.
1201 2676 1256 2760 90)
1273 2679 1435 2742 avaritiam

309 2785 504 2868 paupertatis
528 2803 654 2847 causam
684 2783 777 2847 etiam
806 2783 844 2846 iis
868 2801 938 2846 esse
966 2801 1042 2864 quos
1069 2781 1144 2845 facit
1171 2779 1436 2864 locupletissimos

312 2889 347 2968 (S
371 2889 400 2950 3.
424 2888 492 2972 38),
515 2887 572 2951 sub
597 2906 752 2950 marmore
775 2899 869 2968 atque
892 2904 967 2948 auro
991 2885 1170 2948 servitutem
1195 2882 1337 2948 habit-are
1354 2885 1456 2966 (10),-

310 3011 373 3057 non
398 2990 575 3069 convenire,
601 3000 633 3054 ut
655 2989 745 3054 simul
763 2988 1082 3068 Diogenem‘mireris
1106 2993 1138 3051 et
1160 2984 1335 3050 Daedalum
1353 2987 1436 3068 (14),

311 3096 407 3160 immo
431 3094 537 3159 omnia
559 3092 701 3157 luxuriae
736 3094 954 3173 instrumenta,
990 3093 1074 3176 ipsas
1111 3095 1206 3155 artes
1232 3088 1437 3173 expellendus

312 3220 392 3280 esse,
427 3207 491 3262 tam
526 3216 753 3281 supervacuum
792 3216 860 3260 esse
897 3215 1030 3278 coquum
1065 3214 1158 3277 quam
1192 3192 1322 3257 militem
1358 3191 1438 3277 (15),

312 3302 412 3388 pelles
434 3302 569 3366 ferarum
594 3320 613 3365 a
636 3300 750 3381 frigore
778 3299 854 3365 satis
884 3297 1070 3381 abundeque
1098 3295 1268 3362 defendere
1291 3315 1384 3381 posse
1408 3305 1438 3360 et

313 3425 425 3490 specus
464 3404 513 3468 vel
551 3424 641 3468 casas
680 3403 822 3484 naturale
860 3400 1012 3486 praebere
1049 3400 1167 3465 homini
1204 3399 1435 3483 receptaculum

314 3507 368 3592 (16
392 3508 462 3592 sq),
486 3507 561 3571 lelix
590 3507 687 3571 fuisse
717 3505 794 3569 illud
822 3525 944 3584 aevum,
974 3523 1034 3587 quo
1061 3509 1145 3568 terra
1173 3509 1240 3568 erat
1262 3502 1440 3568 inlaborata

312 3654 516 3666 ——o———··—·

401 3733 419 3801 ¹)
438 3731 565 3784 Panaetii
584 3731 675 3801 potius
694 3745 775 3799 quarn
793 3728 879 3799 ipsius
899 3726 1040 3782 Ciceronis
1065 3724 1164 3788 (Zoller
1180 3724 1232 3790 ΙΙΙ,
1253 3726 1274 3790 l,
1293 3722 1439 3792 786111]ἀί-

314 3821 384 3874 cium
414 3816 549 3872 contineri
575 3820 641 3886 puto
670 3816 731 3869 loco
760 3815 794 3868 de
821 3815 866 3870 off.
889 3815 911 3878 Ι,
937 3814 995 3867 148.
1029 3813 1062 3866 In
1089 3811 1158 3865 Arei
1183 3809 1293 3880 Didymi
1321 3809 1440 3879 epitome

314 3906 420 3960 stoicae
439 3904 581 3956 doctrinae
601 3902 689 3971 (Stob.
709 3901 757 3956 ecl.
777 3901 831 3954 eth.
850 3917 877 3970 p.
890 3900 940 3954 238
958 3899 995 3954 H.
1015 3900 1064 3952 114
1078 3896 1133 3966 W.)
1152 3896 1186 3950 de
1205 3897 1325 3964 cynismo
1344 3896 1440 3950 eodem

314 3993 395 4046 modo
422 3990 556 4044 iudicetur
583 3992 664 4056 atque
691 3987 753 4042 loco
781 3987 839 4042 Oic.
865 3986 898 4039 de
922 3986 958 4038 fin
982 3983 1033 4049 ΙΙΙ,
1057 3984 1099 4037 68,
1118 4012 1149 4022 -
1169 3981 1260 4035 Primo
1288 3997 1361 4036 saec.
1390 3981 1440 4036 sub

312 4079 477 4148 Cynicorum
492 4072 616 4136 ¹veterum
640 4074 795 4127 nominibus
819 4071 951 4143 epistolae
974 4069 1149 4141 pervulgatae
1171 4067 1287 4121 suntad
1307 4083 1440 4122 commen·

316 4165 433 4218 dandam
461 4165 532 4216 huuc
559 4160 767 4231 philosophiam,
793 4176 815 4214 v.
837 4158 945 4212 Meroks
972 4153 1096 4225 symbola
1123 4153 1220 4208 critica
1247 4154 1282 4207 ad
1311 4153 1440 4224 epistole-

315 4249 433 4320 grephos
454 4248 576 4302 Graecos
596 4248 676 4300 Bonn
697 4246 770 4300 1883.
