3218 4896
637 301 850 366 ..23-

178 491 258 556 haee
292 490 401 575 cupita
434 489 645 574 depromserit
676 489 850 566 nescimus3
885 487 944 552 hoc
970 495 1075 552 tamen
1103 489 1174 572 ipsa
1201 504 1309 552 eorum

179 592 287 658 indole
313 592 472 658 versimile
499 593 534 657 lit
559 611 599 658 ea
624 589 751 656 fluxisse
778 612 818 656 ex
845 591 1079 655 commentariis
1108 611 1128 654 a
1155 588 1328 678 discipulo¹

179 692 445 760 Musonii'editis.
490 693 568 760 Cum
591 693 644 759 hir
662 698 769 759 autem
793 692 1056 777 disputationibus
1080 691 1216 756 Musonii
1231 692 1310 755 miro

182 796 276 862 mode
297 814 362 860 non
384 796 487 862 solum
510 797 657 861 universa
678 793 860 876 Paedagogi
888 793 1040 874 doctrina,
1068 793 1192 876 qualem
1217 812 1312 875 supra

180 898 338 963 deliuesvi
350 898 497 980 concinit,
514 896 571 963 sed
587 898 788 963 consentiunt
803 896 946 978 singulae
961 895 1148 976 sententiae,
1161 914 1224 959 non
1240 913 1310 958 raro

181 1002 252 1084 ipss
274 1000 378 1065 verba.

269 1099 405 1166 Musonii
428 1119 551 1184 quoque
573 1100 734 1165 decretum
758 1107 807 1165 est
829 1101 1048 1182 gravissimum
1078 1105 1171 1180 atque
1199 1099 1311 1162 iterum

122 1258 124 1265 .
183 1205 358 1285 iterumque
372 1202 553 1286 repetitum,
565 1201 660 1267 vitam
678 1221 747 1266 esse
764 1200 959 1282 dirigendam
978 1200 1149 1266 secundum
1168 1195 1312 1265 naturam

182 1305 233 1371 rel
255 1304 359 1369 deum.
398 1302 582 1370 Continetur
604 1308 712 1370 autem
735 1313 866 1369 naturae
882 1311 1096 1370 consentanee
1111 1303 1175 1367 vite
1191 1303 1313 1383 virtute,
1409 1327 1414 1338 ·

182 1406 225 1473 ad
247 1427 340 1490 quam
364 1425 456 1470 omne
479 1404 596 1476 animal
620 1425 709 1470 suam
732 1413 875 1470 naturam
899 1426 1033 1489 sequens
1057 1405 1153 1469 lertur
1171 1402 1313 1487 (Nieuw-

182 1509 284 1589 land')
307 1528 337 1593 p.
362 1508 498 1589 94-99,
521 1505 561 1571 de
585 1505 684 1572 Olem.
708 1527 803 1592 supra
825 1527 854 1592 p.
879 1509 925 1590 3).
972 1507 1070 1572 Recta
1093 1508 1157 1571 vitu
1179 1501 1315 1590 quaesit

185 1612 279 1678 docet
301 1607 508 1699 philosophia.
543 1607 634 1674 Unde
658 1607 793 1675 efficitur
816 1611 910 1674 etiam
928 1609 1110 1674 mulieribus
1127 1599 1195 1674 esse
1211 1607 1313 1693 philo-

184 1711 425 1798 sophandum2).
471 1711 570 1788 Quem
593 1711 697 1776 locum
725 1713 868 1777 similiter
894 1720 1033 1776 tractant
1056 1710 1202 1776 Clemens
1225 1709 1249 1792 Ι,
1274 1712 1315 1773 10

184 1837 216 1901 p.
241 1815 302 1879 103
321 1813 356 1879 P.
380 1820 414 1880 et
428 1811 590 1879 Musonius
607 1812 692 1899 epud
709 1813 795 1879 Stob.
813 1813 885 1896 (ecl.
904 1814 966 1878 eth.
983 1835 1014 1898 p.
1038 1816 1101 1876 235
1119 1819 1152 1878 et
1174 1815 1238 1876 244
1261 1811 1312 1877 W.

185 1916 309 1982 Peerlk.
333 1938 362 2001 p.
386 1917 579 1997 sta-253),
603 1936 792 2000 quemquam
821 1915 968 1981 Clemens
997 1917 1197 1982 brevissimus
1226 1916 1315 1998 esd).

185 2020 309 2085 Docent
331 2018 424 2099 igitur
447 2017 581 2082 eandem
607 2039 676 2084 esse
699 2019 755 2082 viri
780 2029 812 2082 et
834 2018 974 2092 mulbris
998 2020 1152 2100 virtutem,
1182 2016 1316 2082 eandem

186 2123 350 2202 rationem,
374 2117 502 2184 eosdem
527 2139 646 2201 sensus,
670 2117 783 2185 eadem
806 2121 1012 2203 nutrimenta3
1036 2132 1204 2205 propterea
1224 2119 1317 2184 muli-

188 2244 257 2289 eres
290 2242 353 2287 non
380 2222 491 2308 ,minus
525 2241 632 2304 quam·
652 2220 733 2288 viros
770 2221 985 2306 philosophia·
1007 2243 1077 2287 esse
1114 2221 1317 2302 imbuendas;

191 2343 379 2410 quamquam
413 2321 538 2388 diversa
570 2324 730 2407 utriusque
764 2341 857 2389 sexus
892 2344 962 2389 esse
990 2323 1096 2389 cilicia
1123 2323 1317 2390 conceditur.

191 2426 233 2494 Ut
254 2427 452 2513 raluuroopplu
481 2424 537 2508 soli
569 2426 896 2520 mulierippopouuuuip
921 2428 986 2491 viro
1011 2427 1157 2492 convenit
1185 2425 1243 2507 (01.
1268 2423 1319 2506 111,

191 2533 232 2595 49
254 2552 286 2617 p.
302 2532 365 2594 283
388 2527 434 2611 Ρ,
457 2527 537 2593 Mus.
562 2528 647 2612 apud
671 2527 756 2595 Stob.
780 2530 839 2596 ecl.
857 2528 893 2611 ll,
916 2550 947 2614 p.
964 2530 1026 2592 238
1047 2527 1121 2612 W.).
1159 2527 1223 2592 lam
1245 2546 1319 2592 vero

96 2641 100 2649 “
194 2634 278 2700 ritae
301 2637 532 2698 consentaneae
556 2637 687 2695 naturae
709 2631 804 2715 plane
821 2631 957 2697 eandem
979 2632 1150 2712 imaginem
1173 2630 1321 2696 informat

200 2931 203 2935 ·
241 2931 243 2935 ·
279 2901 298 2967 ¹)
316 2901 345 2955 in
363 2900 428 2955 dist.
446 2899 553 2954 Pserllr.
572 2898 687 2953 editioni
705 2901 865 2970 praemisse.

276 2987 297 3056 2)
315 2987 396 3041 Haec
418 2985 570 3038 Stoicorum
592 2985 729 3038 sententia
751 2990 802 3039 est.
838 2987 916 3041 Lect.
935 2986 998 3040 inst.
1016 2986 1068 3051 ΙΙΙ,
1088 2986 1121 3040 25
1140 2989 1258 3039 testetur
1275 2999 1322 3037 eos

193 3073 323 3128 statuisse
350 3069 508 3124 mulieribus
536 3086 596 3123 esse
623 3069 879 3139 philosophandum.
915 3071 1020 3124 Pariter
1041 3086 1141 3140 pueros
1165 3073 1193 3123 et
1215 3069 1323 3138 puellas

192 3158 353 3213 educendos
372 3172 433 3209 esse
451 3155 525 3208 zeno
544 3156 654 3224 proprio
673 3155 741 3208 libro
761 3155 893 3221 ostendit;
912 3155 1069 3209 Plutarchei
1088 3157 1121 3208 de
1135 3156 1230 3209 eodem
1245 3170 1323 3221 argu·

193 3247 285 3298 mento
308 3241 371 3295 libri
393 3239 548 3307 fragments
571 3243 682 3292 exstant
705 3241 732 3292 in
752 3241 794 3293 ed.
814 3240 901 3294 Paris.
920 3239 973 3294 vol.
991 3239 1026 3304 V,
1045 3243 1086 3293 41.
1107 3240 1142 3294 el.
1163 3241 1244 3292 etiarn
1264 3240 1324 3290 An-

192 3328 320 3383 tisthenis
338 3326 441 3379 dictum
459 3324 531 3392 apud
550 3325 642 3378 Luert
663 3325 713 3392 Vl,
734 3327 764 3378 12
784 3321 884 3394 ἀνδρὸς
906 3323 953 3376 καὶ
974 3325 1100 3392 γυναικός
1117 3324 1132 3386 ἡ
1152 3319 1217 3387 αὐτῆ
1236 3319 1324 3393 ἀρετή,

194 3413 256 3468 Seu.
275 3411 339 3466 diul.
357 3409 408 3474 Vl,
430 3411 469 3473 16,
491 3411 511 3461 l.
1309 3463 1313 3473 ‚

279 3495 300 3560 ³)
318 3494 394 3548 ldem
414 3497 600 3562 argumentum
623 3493 709 3547 multo
733 3495 872 3564 copiosius
891 3493 1023 3548 Ulemeus
1045 3499 1148 3548 tractet
1170 3498 1255 3547 strom
1275 3491 1325 3570 lv,

194 3581 295 3638 58-83
314 3597 340 3650 p.
358 3578 409 3632 590
426 3576 466 3640 P.,
485 3576 556 3645 quod
575 3583 659 3647 caput
677 3578 815 3647 persimile
834 3583 877 3632 est
895 3578 1014 3632 Musonii
1026 3580 1178 3633 sententiis.
1206 3580 1239 3632 58
1252 3576 1325 3640 κοινῆ

192 3665 247 3736 γὰρ
267 3663 394 3717 ἁπάντων
412 3656 571 3729 ἀνθρώπων
588 3702 593 3713 .
614 3703 621 3715 .
639 3703 646 3716 .
666 3661 680 3726 ἦ
699 3662 861 3732 σωφροσύνη
880 3662 1326 3731 448401).εοΙ.ἳ36.844εᾳ.ΙΙ.,

193 3754 226 3807 59
249 3747 426 3820 σωφροσύνης
451 3739 502 3798 οὖν
527 3743 698 3815 ἐπιμελητέον
723 3747 770 3800 καὶ
797 3747 963 3810 δικαιοσύνης
988 3748 1034 3800 καὶ
1059 3751 1105 3811 τῆς
1131 3747 1208 3810 ἄλλης
1235 3743 1328 3813 ἀρετῆς

195 3835 301 3898 ἁπάσης
318 3830 417 3902 ὁμοίως
434 3827 488 3900 μὲν
504 3829 613 3899 γυναικὶ
630 3831 707 3887 Stob.
726 3832 745 3886 l.
758 3848 782 3886 c.
795 3834 854 3886 237.
867 3833 925 3887 238.
956 3835 997 3886 At
1015 3833 1124 3887 diverse
1142 3833 1193 3884 viri
1215 3847 1248 3884 uc
1271 3847 1327 3882 mu·

195 3921 271 3974 lieris
294 3933 406 3971 munero
427 3918 491 3968 sunt
508 3916 549 3970 59.
571 3917 604 3969 60
623 3915 700 3970 Stob.
718 3917 782 3981 23&
811 3919 852 3971 61.
872 3918 903 3970 62
922 3917 956 3969 de
975 3917 1095 3970 mulieris
1115 3916 1274 3970 fortitudine
1293 3914 1327 3983 cl.

196 4007 274 4062 stou.
292 3996 351 4065 att,
370 4001 416 4054 ubi
438 4001 505 4053 item
530 4000 641 4054 effertur
664 4002 834 4054 Amazonum
858 4001 1020 4070 exemplum.
1056 4001 1119 4054 Nou
1139 4000 1243 4062 dubito,
1263 3998 1328 4067 quin

197 4089 282 4144 Glem.
310 4085 354 4139 hic
385 4085 506 4154 pendeat
532 4102 549 4138 a
575 4085 716 4153 Musoni03
745 4102 907 4154 quamquam
939 4101 956 4137 e
983 4085 1120 4155 capitibus
1148 4084 1221 4153 apud
1251 4083 1328 4139 Stob.

196 4172 314 4230 servetis
331 4169 420 4237 magis
439 4171 537 4236 differt,
557 4187 637 4238 quum
655 4176 687 4224 ut
704 4171 767 4223 inde
780 4169 905 4224 hausisse
923 4170 1009 4223 stetui
1025 4170 1122 4238 possit.
