3218 4896
746 280 959 345 -26-

378 468 513 553 Uterque
529 468 718 550 cohortatur,
731 475 767 534 ut
778 488 938 536 servemus
951 467 1110 550 deserum,
1122 468 1278 550 fugiamus
1290 467 1417 534 foedum

291 573 324 635 in
347 572 508 650 eonuiviis
524 576 559 636 at
581 591 644 636 non
667 569 778 636 eodem
803 569 905 635 modo.
942 571 1029 636 Alter
1052 572 1233 637 eommunia
1246 578 1419 656 praesepta

292 673 358 755 dat,
381 680 491 738 eontra
512 672 598 757 apud
613 673 712 738 Clem'.
728 679 795 737 arte
812 693 884 737 vere
900 671 1137 757 l'heophrastea
1158 674 1312 753 imagines
1335 671 1418 738 haud

292 774 406 841 decore
429 795 464 839 se
486 776 661 856 gerentium
685 775 729 839 ita
749 772 967 839 deseribuntur
983 780 1014 839 et
1029 773 1250 858 depinguntur,
1271 783 1304 840 ut
1319 773 1418 840 oeulis

291 878 350 943 tibi
373 876 508 942 videaris
532 897 586 942 eos
611 876 724 940 videre.
760 873 868 958 Neque
892 876 943 959 qui
967 876 1103 959 aliquem
1118 877 1232 942 talibus
1252 878 1285 942 in
1305 895 1418 960 quaes-

290 980 427 1044 tionibus
456 978 550 1044 hebet
577 979 641 1043 veri
670 997 807 1060 sensum,
836 986 951 1044 statuet
979 977 1173 1044 Clementem
1202 978 1253 1044 hio
1280 978 1419 1064 pendere

294 1078 471 1146 a'Musonii
495 1079 648 1164 disoipulo
672 1079 730 1162 (Ol.
754 1077 791 1160 11,
817 1081 953 1146 11-13.
977 1080 1044 1163 31).

380 1181 540 1248 Musonius
562 1188 730 1267 postquam
757 1181 903 1266 exposuit
933 1182 1020 1246 varia
1047 1189 1124 1265 quot
1149 1183 1213 1249 sint
1241 1183 1271 1246 in
1295 1181 1418 1248 edendo

292 1283 445 1370 peooanrli
474 1284 624 1369 pericula,
654 1283 731 1348 dioit
757 1284 885 1349 omnino
912 1303 974 1348 non
1004 1285 1172 1369 voluptatis
1196 1303 1292 1350 eausa
1314 1285 1419 1350 eibum

294 1407 365 1452 esse
388 1385 587 1469 sumendum,
615 1385 671 1452 sed
697 1394 732 1452 ut
757 1405 991 1451 oonservemur:
1019 1387 1157 1472 διαμονῆς
1183 1387 1266 1450 ἕνεκα
1293 1387 1340 1449 καὶ
1368 1377 1420 1472 οὐχ

292 1490 408 1573 ἡδονῆς,
433 1488 606 1571 Olem.1,1
631 1489 695 1552 οὔτε
718 1488 824 1558 σκοπὸς
846 1489 946 1572 ἡδονή,
971 1488 1039 1579 ὑπὲρ
1061 1491 1092 1554 δὲ
1115 1487 1168 1576 τῆς
1182 1492 1306 1555 ἐνταῦθα
1323 1490 1419 1576 (quod

292 1592 426 1658 fortasse
442 1591 488 1656 cl.
505 1591 642 1678 addidit)
658 1595 801 1676 διαμονῆς,
826 1611 866 1656 ex
877 1587 1025 1659 =Socratis
1041 1604 1211 1680 praesepto
1234 1616 1297 1660 non
1314 1596 1420 1659 viven-

293 1694 366 1760 dum
397 1712 477 1774 esse,
505 1701 539 1765 ut
567 1693 709 1778 edamus,
738 1693 796 1762 sod
822 1690 992 1775 edendum,
1019 1702 1055 1761 ut
1082 1697 1223 1762 vivamus
1247 1696 1308 1778 (01.
1332 1694 1355 1776 1,
1380 1697 1418 1772 1).

336 1797 415 1864 Mus.
433 1795 830 1884 reseruassemus
925 1795 971 1862 (α.
994 1795 1032 1879 11,
1059 1800 1079 1860 ο
1107 1818 1137 1883 p.
1162 1799 1223 1861 reo
1247 1799 1280 1863 P.
1309 1779 1420 1883 οοῖραρ

291 1901 340 1964 τὸν
375 1903 525 1988 ἄνθρωπον
559 1911 616 1966 τοῦ
651 1905 830 1990 σῴζεσθαι
881 1901 1130 1985 πουμεμαθήκασι
1146 1901 1202 1963 τὸν
1218 1902 1419 1988 latratuqu-

292 2011 405 2095 χάριν,
444 2005 532 2092 ,οὐχὶ
576 2015 634 2072 τοῦ
684 2009 830 2094 ἣδεσθαι
882 1996 1421 2093 σκευασαιτῷδηριοαρρήματι,τῷ

292 2117 369 2172 σῖτα
392 2109 447 2172 καὶ
469 2114 555 2174 ποτοὶ
578 2115 830 2201 παρεσκεύασεν
884 2111 1027 2197 ἀνθρώπῳ
1050 2111 1137 2194 tero,
1162 2117 1240 2172 σῖτα
1259 2111 1315 2174 καὶ
1333 2111 1421 2173 ποτὰ
1452 2153 1457 2164 ·

293 2213 399 2290 αὐτοῖς,
442 2216 530 2297 μάθοι
569 2239 611 2288 τις
652 2221 685 2280 ἂν
723 2218 831 2282 ἐκεῖθεν
883 2221 943 2277 τοῦ
981 2215 1162 2285 σώζεσθαι
1199 2222 1310 2304 χάριν,
1348 2214 1422 2300 οὐχὶ

293 2319 428 2402 μάλιστα,
885 2317 921 2382 δὲ
943 2327 1002 2383 τοῦ
1024 2321 1179 2406 ἥδεσθαι.

293 2422 375 2505 quod
388 2424 549 2488 minimum
565 2425 714 2509 temporis
726 2425 862 2510 spatium
877 2423 1112 2491 delectatoibns
1124 2423 1293 2490 hominem.
1319 2411 1432 2486 Nihilo'

296 2525 400 2592 minus
423 2526 526 2592 breuis
548 2526 641 2606 gulae
664 2527 833 2611 voluptatis
857 2545 953 2590 eausa
980 2526 1123 2592 homines
1145 2525 1223 2591 nihil
1245 2543 1307 2589 non
1332 2524 1422 2589 moli-

294 2633 398 2708 untur,
432 2647 519 2692 mare
546 2629 734 2714 navigant¹)‚
768 2635 830 2712 μά·
869 2625 931 2693 ὈΙ.
955 2627 1031 2711 11,9
1054 2629 1164 2713 ps169
1186 2625 1220 2692 Ρ.
1247 2623 1281 2688 δι’
1305 2627 1340 2709 ἣν
1363 2625 1421 2708 (so.

197 2816 198 2819 Ἴ
292 2751 400 2816 ρειραι
418 2728 451 2792 δὲ
472 2731 661 2818 ρεαιρρῖονῧ)
687 2754 832 2822 περισποα-
884 2731 1050 2816 κατάποσιν)
1070 2732 1280 2818 πολυτιμότερον
1297 2733 1424 2816 γεγόνασι

257 2868 260 2875 1
293 2834 454 2922 δαστότεροί
476 2836 535 2900 εἰσι.
887 2843 1040 2924 μάγειροι
1066 2839 1232 2922 γεωργῶν.

382 3064 401 3132 ¹)
419 3064 472 3117 hoe
489 3079 597 3134 quoqne
615 3063 725 3134 volgare
744 3070 804 3120 erat
821 3068 908 3138 primo
927 3081 1000 3122 seeo.
1019 3071 1064 3132 „ln
1082 3066 1198 3136 prandia
1209 3081 1304 3134 regum
1316 3064 1423 3118 disere*

296 3149 384 3216 (Pars.
403 3149 428 3213 Ι,
447 3151 500 3218 67).
526 3150 622 3202 Pausa
644 3149 762 3220 decerpo
785 3167 828 3206 ex.
846 3152 911 3206 San.
928 3151 992 3205 dial.
1011 3152 1079 3215 XII,
1100 3152 1139 3216 10,
1158 3153 1187 3212 σε
1206 3151 1360 3220 „pretiosos
1375 3150 1424 3216 (se.

293 3233 379 3303 cibos)
398 3238 490 3287 autern
509 3274 515 3289 .
535 3273 563 3289 ..
580 3235 680 3288 raritas
698 3239 727 3287 et
744 3235 891 3290 difficultas
913 3236 1027 3306 parandi
1053 3235 1169 3291 facit..
1188 3276 1195 3292 .
1213 3235 1277 3303 quid
1296 3234 1370 3306 opus]
1383 3239 1425 3288 est

292 3324 336 3374 tot
365 3320 469 3373 artibus
500 3321 588 3373 ventri
614 3321 821 3390 servientibus?
856 3322 922 3391 quid
956 3321 1136 3376 mercaturis?
1176 3309 1242 3398 quid
1270 3321 1423 3374 vastatione

294 3404 473 3458 silvarum?
491 3444 499 3459 .
517 3444 525 3459 .
542 3445 549 3459 .
568 3421 682 3459 omnes
700 3406 857 3474 regiones
875 3410 1067 3476 pervagantur,
1086 3407 1191 3459 maria
1207 3406 1352 3459 traiciuntu
1365 3405 1424 3458 Iuv.

182 3509 184 3514 ·
294 3488 316 3554 1,
337 3489 399 3544 1352
421 3487 549 3558 „Optima
567 3489 727 3542 silvarum
747 3489 1045 3559 intersapelagique
1063 3489 1171 3543 vorabit
1187 3506 1236 3542 rex
1252 3490 1347 3543 horum
1366 3529 1373 3544 .
1392 3529 1398 3542 .
1417 3529 1424 3544 .

292 3589 347 3627 una
366 3573 510 3627 comedunt
527 3574 692 3644 patrimonia
709 3577 823 3628 mensa“'
839 3573 908 3628 Mus.
928 3573 1001 3643 apud
1020 3575 1098 3629 Stob.
1117 3575 1139 3639 Ι,
1158 3575 1207 3628 299
1222 3573 1320 3627 δεῖπνα
1335 3593 1425 3643 παρα-

292 3658 496 3716 altercatum
513 3652 610 3728 ἀγρῶν
628 3653 814 3717 ἀναλίσκοντες
830 3657 914 3728 τιμάς.
943 3657 1087 3713 Simillima
1105 3659 1221 3727 praebet
1239 3658 1333 3724 (llam.¹
1352 3657 1426 3726 velut

294 3743 316 3807 1,
334 3743 350 3797 3
368 3760 394 3813 p.
415 3744 464 3818 164
481 3742 526 3799 P.:
542 3739 604 3794 lion
620 3758 648 3794 τε
663 3737 748 3812 χθών
764 3741 860 3796 πόντου
877 3759 905 3795 τε
921 3739 1005 3812 βένθη
1024 3740 1070 3795 καὶ
1089 3737 1169 3813 ἀέρος
1187 3737 1332 3812 ἀμέτρητον
1348 3735 1426 3812 εὖρος
1496 3753 1498 3758 “
1600 3753 1601 3766 ’

292 3824 424 3899 ἐκτρέφει,
442 3829 476 3896 τῇ
494 3826 584 3880 αὑτοῖν
601 3827 804 3900 έκποριζόμτνοι
821 3828 980 3898 λαιμαργὶρι.
1044 3825 1047 3830 ’
1125 3877 1128 3882 ,
1185 3825 1217 3830 ”
1330 3825 1335 3840 ”
1600 3815 1601 3824 ¹

378 3913 401 3980 2)
420 3913 537 3983 Proprie
561 3913 652 3984 eapite
674 3913 745 3968 Mus.
771 3913 895 3968 celebrat
918 3912 1056 3982 agricolae
1083 3909 1168 3967 sitam
1191 3913 1280 3982 (soon.
1297 3908 1335 3979 11',
1353 3911 1426 3981 336).

294 3999 350 4053 Hie
378 4001 421 4052 ast
447 4013 516 4052 unus
540 4014 575 4052 ex
597 3999 785 4054 communibus
805 3999 960 4054 Stoicorum
983 3999 1050 4052 loeis
1071 3997 1186 4052 multum
1210 3998 1382 4065 decantatus,
1400 4016 1425 4054 v.

296 4084 353 4140 (lle.
372 4084 440 4138 Cato
459 4084 500 4148 28,
519 4083 630 4149 51-54,
653 4084 729 4138 Plut.
746 4085 858 4155 passim,
882 4085 956 4138 Max.
976 4084 1038 4152 Tyr.
1064 4099 1102 4136 or.
1121 4083 1162 4136 30.
1180 4082 1288 4154 Ennap.
1306 4101 1330 4138 v.
1349 4075 1426 4153 soph.

295 4187 321 4239 p.
339 4171 372 4222 49
391 4169 480 4224 Boiss.
506 4169 550 4222 Ex
567 4169 670 4222 talibus
687 4169 799 4235 libellis,
818 4170 912 4239 quales
935 4171 1009 4221 certe
1027 4167 1107 4221 multi
1128 4168 1294 4233 ferebantur,
1317 4169 1426 4222 laudem
