3218 4896
745 318 935 380 „8-

280 506 344 569 226
366 504 400 570 Ρ.
422 505 474 589 111,
499 507 538 572 19
562 528 591 592 p.
615 508 678 571 263
701 505 760 590 Ρ.),
788 507 876 572 6161
906 504 957 588 (11,
986 507 1027 569 45
1056 526 1087 591 p.
1112 507 1173 570 195
1200 504 1234 570 Ρ.
1258 527 1285 572 v.
1310 505 1405 571 etiam

279 605 317 691 ll,
340 610 383 673 40
405 629 435 694 p.
460 611 521 674 192
545 608 578 676 P.
604 611 644 672 66
667 630 697 696 p.
722 610 785 673 209
808 607 867 692 P.).
915 607 1054 673 Stoicum
1077 614 1236 675 auctorem
1260 608 1405 674 omuibus

280 710 328 776 his
360 710 439 778 locis
472 719 625 778 tenemus.
670 711 758 779 Haec
792 713 876 779 enim
910 718 997 778 secta
1023 711 1184 796 perfectae
1210 710 1405 797 reipublicae

278 814 410 881 formam
436 822 467 880 et
489 815 625 898 effigiem
648 815 797 900 effingere
821 815 943 882 solebat
967 835 1025 880 nec
1039 817 1132 900 pauci
1149 815 1246 881 Stoici
1262 814 1403 900 proprios

279 918 319 984 de
342 919 506 1004 republica
529 921 721 1005 scripserunt
742 919 850 985 libros.

366 1020 518 1088 Omnibus
546 1022 594 1089 his
623 1024 828 1106 argumentis,
856 1022 967 1106 quibus
994 1021 1077 1087 inira
1110 1020 1173 1087 6116
1206 1042 1269 1089 666
1303 1022 1403 1086 minut

278 1126 387 1207 gravia
409 1125 536 1208 addam,
559 1126 757 1192 manifestum
782 1124 818 1192 fit
832 1145 873 1191 ex
888 1126 986 1192 stoico
1003 1124 1090 1191 ioute
1107 1125 1258 1191 maiorem
1276 1124 1403 1191 alterius

279 1248 317 1295 ac
353 1230 437 1295 tertii
474 1230 548 1295 libri
584 1234 709 1316 partem
742 1229 879 1297 fluxisse.
925 1229 974 1294 Ab
1013 1226 1125 1294 eodem
1164 1248 1237 1294 vero
1278 1233 1404 1294 auctore

279 1331 472 1416 Clementem
507 1334 622 1418 ubique
655 1332 794 1419 pendere
826 1332 901 1398 iude
933 1331 1076 1414 efficitur,
1104 1330 1187 1415 quod
1215 1330 1336 1414 eadem,
1364 1330 1404 1397 de

278 1436 390 1519 quibus
424 1438 556 1521 exposui
589 1457 620 1522 p.
645 1438 745 1521 366,
772 1437 929 1522 principia
962 1436 1056 1503 etiam
1091 1441 1185 1519 atque
1219 1435 1311 1501 etiam
1347 1454 1404 1519 per

277 1545 442 1624 utrumque
464 1539 577 1604 librum
601 1530 725 1606 summa
740 1541 917 1606 constantia
931 1544 1123 1625 repetuntur.
1159 1538 1300 1622 Accedit,
1318 1537 1402 1622 quod

277 1643 423 1709 universa
439 1643 588 1710 materiae
604 1642 778 1710 secundum
794 1644 882 1708 varia
898 1643 981 1710 vitae
1003 1643 1131 1726 negotia
1152 1647 1184 1708 et
1203 1641 1404 1708 condiciones

277 1744 451 1831 dispositio,
475 1766 569 1830 quam
584 1747 653 1832 ipse
669 1745 816 1813 Clemens
840 1767 902 1813 666
925 1745 1125 1830 excogitavit,
1148 1745 1240 1812 unius
1263 1745 1401 1812 auctoris

277 1858 394 1914 certum
419 1849 524 1935 prodit
547 1850 722 1916 consilium.

362 1952 433 2018 Jam
462 1973 603 2020 seorsum
631 1973 723 2036 agam
751 1952 791 2018 de
818 1954 919 2039 primo
942 1953 1032 2018 libro.
1076 1952 1113 2019 ln
1136 1970 1206 2036 quo,
1231 1952 1258 2016 si
1285 1970 1323 2016 66
1350 1971 1404 2016 ex·

179 2043 181 2048 ¹
276 2057 386 2142 cipias,
407 2076 486 2141 quae
510 2057 549 2122 ab
573 2057 642 2142 ipso
661 2056 827 2122 Clemente
849 2056 993 2143 proiecta
1016 2075 1086 2123 6666
1109 2062 1198 2141 patet
1222 2092 1260 2100 -
1285 2062 1317 2120 et
1338 2061 1406 2119 erat

275 2181 351 2227 saue
385 2161 415 2224 in
452 2159 511 2225 hoo
544 2159 624 2226 libro
652 2161 753 2225 maior
780 2161 847 2226 eius
874 2159 1029 2226 industria
1058 2179 1151 2244 quam
1171 2151 1210 2222 ¹in
1239 2156 1338 2224 altero
1367 2177 1404 2223 ac

274 2264 366 2329 tertio
390 2299 431 2308 —
454 2268 560 2328 cetera
582 2261 683 2329 stoica
705 2269 792 2328 sunt:
822 2263 891 2348 ipso
915 2263 1016 2348 primo
1045 2263 1147 2348 capite
1174 2261 1206 2324 16
1234 2259 1405 2327 dividenda

276 2366 384 2432 morali
408 2365 626 2452 philosophiae
648 2372 738 2452 parte
761 2366 919 2433 consentit
947 2385 1020 2431 oum
1042 2363 1212 2432 Posidonio
1242 2364 1294 2447 qui
1323 2371 1403 2430 teste

274 2469 395 2535 Seneca
419 2471 485 2555 (ep.
509 2470 561 2550 95,
578 2469 635 2552 65)
653 2489 734 2550 ,666
758 2472 883 2534 166166
906 2469 1174 2554 praeceptionem,
1192 2466 1404 2552 (διδασκαλικὸς

273 2571 614 2660 16666666661661,
643 2571 700 2638 sed
727 2572 823 2637 etiam
851 2573 1030 2639 suasionem
1053 2571 1244 2660 (1661166666)
1269 2581 1300 2638 61
1329 2594 1403 2640 con-

274 2679 461 2745 solationem
507 2675 769 2764 (nopupobarmo'c)
815 2683 847 2742 et
883 2675 1135 2745 exhortationem
1179 2677 1403 2767 (προτρεπτικός)

271 2782 484 2850 necessariam
500 2780 639 2847 iudicat“
665 2781 704 2846 cf.
728 2780 892 2847 Philonem
908 2779 1111 2848 Larissaeum
1134 2783 1219 2868 apud
1236 2783 1322 2849 Stob.
1340 2783 1399 2848 ecl.

273 2885 333 2950 eth.
358 2907 389 2972 p.
413 2886 453 2948 38
468 2884 506 2950 H.
523 2887 564 2948 39
589 2882 647 2966 W,
671 2884 783 2951 Zelleri
800 2883 839 2949 H.
856 2883 911 2949 Ph.
928 2883 970 2950 llI
994 2886 1025 2969 1,
1040 2886 1104 2950 206
1120 2888 1194 2970 66])
1210 2886 1403 2954 Sollemnem

359 3041 377 3108 ¹)
396 3038 512 3093 Omnino
531 3037 620 3092 Stoici
638 3038 809 3108 potissimum
828 3039 856 3092 iu
872 3040 924 3092 hoc
936 3031 1088 3094 litterarum
1103 3056 1204 3109 genere
1218 3041 1320 3096 versati
1332 3043 1403 3096 6661.

271 3126 314 3179 Ι)6
337 3125 520 3194 hypotheticis
543 3125 651 3178 locutus
676 3129 719 3178 est
741 3125 864 3194 Bernays
887 3125 950 3180 Ber.
969 3125 995 3180 d.
1014 3125 1107 3180 Akad.
1126 3144 1159 3180 66
1176 3127 1271 3181 Berlin
1292 3128 1358 3182 1876
1376 3144 1403 3197 p.

270 3212 328 3266 607.
365 3213 407 3265 Ι)6
430 3211 605 3281 protrepticis
629 3210 653 3264 61
676 3211 736 3280 6616
759 3212 914 3265 accuratius
938 3216 1015 3280 agat,
1043 3228 1142 3283 operae
1170 3213 1286 3283 pretium
1313 3212 1404 3267 iaciat.

189 3365 191 3368 Ι
269 3296 406 3350 Hirzelius
420 3296 531 3350 enimin
546 3296 744 3364 antiquioribus
753 3297 922 3367 temporibus
941 3299 1066 3352 substitit
1084 3297 1214 3364 (Hermes
1226 3298 1261 3366 X,
1276 3300 1307 3353 61
1322 3301 1402 3368 666).

269 3382 1402 3454 TaleslibrosscripseruntCleanthes‚Aristo‚Chrysippus,Persaeus‚Posidonius.

269 3466 348 3521 Hunc
357 3470 528 3539 potissimum
539 3469 603 3536 quin
610 3468 704 3522 Cicero
714 3469 743 3521 in
749 3469 899 3523 Hortensio
911 3474 1022 3523 secutus
1031 3469 1182 3535 fuerit,non
1193 3470 1296 3524 dubito.
1315 3469 1403 3523 Multa

268 3555 342 3606 euim
360 3554 387 3607 in
406 3555 465 3608 eius
483 3554 642 3622 fragmentis
661 3555 767 3609 stoicae
783 3554 924 3609 doctrinae
938 3555 1032 3609 insunt
1045 3557 1176 3624 vestigia:
1197 3555 1227 3610 fr.
1242 3557 1254 3610 l
1272 3560 1300 3610 et
1313 3556 1346 3609 28
1359 3555 1402 3610 ed.

269 3640 361 3694 Turio.
380 3641 528 3694 innuuntur
547 3640 725 3710 quaestiones
743 3639 856 3694 multum
875 3643 910 3695 ab
930 3641 980 3695 illa
1003 3645 1080 3696 secta
1097 3645 1239 3710 tractatae,
1258 3641 1289 3696 ir.
1310 3643 1350 3697 ll.
1370 3642 1401 3695 12

266 3726 414 3780 secuudum
434 3725 586 3780 Stoicorum
605 3725 739 3779 rationem
757 3725 823 3778 mihi
840 3726 916 3796 loqui
934 3727 1045 3792 videtur
1063 3727 1097 3781 de
1116 3727 1231 3794 ratione,
1250 3744 1319 3797 quae
1331 3727 1403 3781 iuter

266 3811 386 3880 singulas
409 3811 541 3866 scientias
565 3816 593 3865 61
616 3812 816 3884 philosophiam
839 3813 999 3880 intercedat,
1022 3814 1054 3868 ir.
1073 3815 1106 3868 47
1127 3813 1229 3868 stoicas
1248 3812 1402 3867 disserendi

265 3898 387 3966 argutias
406 3897 537 3962 defendit,
555 3898 770 3969 6631666116
788 3899 822 3952 de
840 3899 914 3954 bona
932 3900 1049 3954 hominis
1064 3903 1162 3954 natura
1174 3898 1316 3970 paullatim
1331 3899 1403 3952 mela
1429 3939 1436 3946 .

265 3983 460 4038 consuetudine
480 3983 639 4055 depravata,
660 3985 690 4040 ir.
714 3987 815 4040 to-to
841 3990 938 4041 contra
964 3987 1134 4057 voluptatem
1164 3985 1297 4054 disputat.
1333 3985 1401 4041 Cum

265 4071 299 4125 ir.
311 4071 345 4125 34
358 4071 392 4126 ci.
406 4086 490 4124 somn.
505 4070 578 4140 Scip.
594 4072 633 4136 13,
652 4088 711 4126 cum
730 4071 762 4127 ir.
775 4074 808 4126 45
828 4073 862 4126 de
882 4075 937 4127 nat.
951 4073 1026 4126 deor.
1040 4073 1069 4126 [Ι
1082 4072 1123 4137 54,
1143 4087 1204 4126 666
1223 4072 1255 4125 ir.
1274 4072 1401 4129 931166.

264 4159 286 4222 I,
308 4157 417 4211 19-21.
452 4156 519 4212 Noli
536 4157 620 4226 igitur
632 4159 744 4213 credere
758 4159 912 4213 Hermauni
930 4164 958 4213 61
970 4157 1096 4213 Krischii
1115 4157 1273 4226 (thtinger
1285 4159 1401 4213 Studien

263 4242 299 4309 11,
324 4244 381 4313 191)
410 4243 584 4298 coniecturae
612 4244 757 4299 Philonem
786 4244 925 4298 Ciceronis
953 4247 1092 4300 auctorem
1122 4259 1183 4298 esse
1212 4245 1399 4300 statuentium.
