<?xml version="1.0" encoding="UTF-8"?>
<!DOCTYPE html PUBLIC "-//W3C//DTD XHTML 1.0 Transitional//EN"
    "http://www.w3.org/TR/xhtml1/DTD/xhtml1-transitional.dtd">
<html xmlns="http://www.w3.org/1999/xhtml" xml:lang="en" lang="en">
 <head>
  <title>
</title>
<meta http-equiv="Content-Type" content="text/html;charset=utf-8" />
  <meta name='ocr-system' content='tesseract 3.04.00' />
  <meta name='ocr-capabilities' content='ocr_page ocr_carea ocr_par ocr_line ocrx_word'/>
</head>
<body>
  <div class='ocr_page' id='page_1' title='image "./quaestionesmuso00wendgoog_0038.png"; bbox 0 0 3218 4896; ppageno 0'>
   <div class='ocr_carea' id='block_1_1' title="bbox 649 282 859 344">
    <p class='ocr_par' dir='ltr' id='par_1_1' title="bbox 649 282 859 344">
     <span class='ocr_line' id='line_1_1' title="bbox 649 282 859 344; baseline 0.005 -17"><span class='ocrx_word' id='word_1_1' title='bbox 649 282 859 344; x_wconf 72' lang='lat'><strong>,25-</strong></span> 
     </span>
    </p>
   </div>
   <div class='ocr_carea' id='block_1_2' title="bbox 186 464 1344 2714">
    <p class='ocr_par' dir='ltr' id='par_1_2' title="bbox 186 464 1318 1897">
     <span class='ocr_line' id='line_1_2' title="bbox 276 464 1317 551; baseline 0.006 -22"><span class='ocrx_word' id='word_1_2' title='bbox 276 464 432 530; x_wconf 80' lang='lat' dir='ltr'><strong>Haesere</strong></span> <span class='ocrx_word' id='word_1_3' title='bbox 450 473 563 548; x_wconf 88' lang='lat' dir='ltr'><strong>aetate,</strong></span> <span class='ocrx_word' id='word_1_4' title='bbox 584 466 744 534; x_wconf 82' lang='lat' dir='ltr'>Musonius</span> <span class='ocrx_word' id='word_1_5' title='bbox 762 467 864 551; x_wconf 82' lang='lat' dir='ltr'><strong>pergit</strong></span> <span class='ocrx_word' id='word_1_6' title='bbox 886 466 1077 549; x_wconf 77' lang='lat' dir='ltr'><strong>declamare,</strong></span> <span class='ocrx_word' id='word_1_7' title='bbox 1097 488 1154 534; x_wconf 89' lang='lat' dir='ltr'><strong>nos</strong></span> <span class='ocrx_word' id='word_1_8' title='bbox 1172 468 1317 534; x_wconf 89' lang='lat' dir='ltr'><strong>homines</strong></span> 
     </span>
     <span class='ocr_line' id='line_1_3' title="bbox 190 567 1317 653; baseline 0.005 -23"><span class='ocrx_word' id='word_1_9' title='bbox 190 567 289 632; x_wconf 84' lang='lat' dir='ltr'><strong>mullo</strong></span> <span class='ocrx_word' id='word_1_10' title='bbox 304 569 431 653; x_wconf 81' lang='lat' dir='ltr'><strong>pravius</strong></span> <span class='ocrx_word' id='word_1_11' title='bbox 451 569 606 634; x_wconf 77' lang='lat' dir='ltr'><strong>vescimur</strong></span> <span class='ocrx_word' id='word_1_12' title='bbox 622 568 761 651; x_wconf 75' lang='lat' dir='ltr'><strong>beluis1),</strong></span> <span class='ocrx_word' id='word_1_13' title='bbox 779 589 860 652; x_wconf 79' lang='lat' dir='ltr'><strong>quae</strong></span> <span class='ocrx_word' id='word_1_14' title='bbox 872 569 1017 634; x_wconf 85' lang='lat' dir='ltr'><strong>nesciunt</strong></span> <span class='ocrx_word' id='word_1_15' title='bbox 1030 571 1129 634; x_wconf 87' lang='lat' dir='ltr'><strong>ventri</strong></span> <span class='ocrx_word' id='word_1_16' title='bbox 1146 571 1317 636; x_wconf 83' lang='lat' dir='ltr'><strong>servientes</strong></span> 
     </span>
     <span class='ocr_line' id='line_1_4' title="bbox 190 669 1316 755; baseline 0.003 -22"><span class='ocrx_word' id='word_1_17' title='bbox 190 675 274 734; x_wconf 84' lang='lat' dir='ltr'><strong>artes</strong></span> <span class='ocrx_word' id='word_1_18' title='bbox 300 688 338 734; x_wconf 86' lang='lat' dir='ltr'><strong>ac</strong></span> <span class='ocrx_word' id='word_1_19' title='bbox 367 671 455 736; x_wconf 86' lang='lat' dir='ltr'><strong>varia</strong></span> <span class='ocrx_word' id='word_1_20' title='bbox 480 670 638 736; x_wconf 89' lang='lat' dir='ltr'><strong>lenocinia</strong></span> <span class='ocrx_word' id='word_1_21' title='bbox 663 670 757 752; x_wconf 79' lang='lat' dir='ltr'><strong>gulae</strong></span> <span class='ocrx_word' id='word_1_22' title='bbox 783 669 962 737; x_wconf 87' lang='lat' dir='ltr'><strong>titillandae</strong></span> <span class='ocrx_word' id='word_1_23' title='bbox 989 689 1086 736; x_wconf 84' lang='lat' dir='ltr'><strong>causa</strong></span> <span class='ocrx_word' id='word_1_24' title='bbox 1111 672 1240 737; x_wconf 86' lang='lat' dir='ltr'><strong>inuenta</strong></span> <span class='ocrx_word' id='word_1_25' title='bbox 1263 673 1316 755; x_wconf 84' lang='lat' dir='ltr'><strong>(ef.</strong></span> 
     </span>
     <span class='ocr_line' id='line_1_5' title="bbox 190 770 1317 857; baseline 0.004 -22"><span class='ocrx_word' id='word_1_26' title='bbox 190 770 289 836; x_wconf 85' lang='lat' dir='ltr'><strong>Glem.</strong></span> <span class='ocrx_word' id='word_1_27' title='bbox 312 770 408 853; x_wconf 84' lang='lat'><strong>11,.2.</strong></span> <span class='ocrx_word' id='word_1_28' title='bbox 436 773 456 835; x_wconf 92' lang='lat'>3</span> <span class='ocrx_word' id='word_1_29' title='bbox 483 793 514 857; x_wconf 93' lang='lat' dir='ltr'><strong>p.</strong></span> <span class='ocrx_word' id='word_1_30' title='bbox 546 773 617 837; x_wconf 90' lang='lat'><strong>163.</strong></span> <span class='ocrx_word' id='word_1_31' title='bbox 648 774 710 836; x_wconf 88' lang='grc'><strong>164</strong></span> <span class='ocrx_word' id='word_1_32' title='bbox 737 771 797 856; x_wconf 90' lang='grc' dir='ltr'>Ρ.),</span> <span class='ocrx_word' id='word_1_33' title='bbox 831 773 943 855; x_wconf 90' lang='lat' dir='ltr'><strong>quibus</strong></span> <span class='ocrx_word' id='word_1_34' title='bbox 977 772 1103 838; x_wconf 89' lang='lat' dir='ltr'><strong>vitiatur</strong></span> <span class='ocrx_word' id='word_1_35' title='bbox 1136 773 1317 840; x_wconf 82' lang='lat' dir='ltr'><strong>stomachus</strong></span> 
     </span>
     <span class='ocr_line' id='line_1_6' title="bbox 191 871 1317 960; baseline 0.002 -22"><span class='ocrx_word' id='word_1_36' title='bbox 191 871 255 955; x_wconf 87' lang='lat' dir='ltr'><strong>(Ol.</strong></span> <span class='ocrx_word' id='word_1_37' title='bbox 271 871 309 955; x_wconf 96' lang='grc' dir='ltr'><strong>ΙΙ,</strong></span> <span class='ocrx_word' id='word_1_38' title='bbox 324 876 358 954; x_wconf 80' lang='grc'><strong>2;</strong></span> <span class='ocrx_word' id='word_1_39' title='bbox 382 875 497 958; x_wconf 77' lang='lat' dir='ltr'><strong>imago,</strong></span> <span class='ocrx_word' id='word_1_40' title='bbox 515 893 597 957; x_wconf 90' lang='lat' dir='ltr'><strong>quae</strong></span> <span class='ocrx_word' id='word_1_41' title='bbox 619 876 720 941; x_wconf 88' lang='lat' dir='ltr'><strong>estin</strong></span> <span class='ocrx_word' id='word_1_42' title='bbox 744 875 848 941; x_wconf 85' lang='lat' dir='ltr'><strong>vorbis</strong></span> <span class='ocrx_word' id='word_1_43' title='bbox 871 876 938 938; x_wconf 75' lang='grc' dir='ltr'><strong>ὅθεν</strong></span> <span class='ocrx_word' id='word_1_44' title='bbox 961 876 1036 952; x_wconf 78' lang='grc' dir='ltr'><strong>κτλ,</strong></span> <span class='ocrx_word' id='word_1_45' title='bbox 1059 877 1217 941; x_wconf 89' lang='lat' dir='ltr'><strong>invenitur</strong></span> <span class='ocrx_word' id='word_1_46' title='bbox 1231 875 1317 960; x_wconf 90' lang='lat' dir='ltr'><strong>apud</strong></span> 
     </span>
     <span class='ocr_line' id='line_1_7' title="bbox 191 973 1318 1062; baseline 0.003 -22"><span class='ocrx_word' id='word_1_47' title='bbox 191 973 238 1040; x_wconf 82' lang='lat' dir='ltr'><strong>cl.</strong></span> <span class='ocrx_word' id='word_1_48' title='bbox 261 973 313 1058; x_wconf 85' lang='grc' dir='ltr'>ΙΙΙ,</span> <span class='ocrx_word' id='word_1_49' title='bbox 340 976 382 1040; x_wconf 91' lang='grc'><strong>46</strong></span> <span class='ocrx_word' id='word_1_50' title='bbox 404 997 436 1062; x_wconf 90' lang='lat' dir='ltr'><strong>p.</strong></span> <span class='ocrx_word' id='word_1_51' title='bbox 459 977 520 1040; x_wconf 84' lang='grc'><strong>281</strong></span> <span class='ocrx_word' id='word_1_52' title='bbox 545 975 605 1060; x_wconf 91' lang='grc' dir='ltr'>Ρ.).</span> <span class='ocrx_word' id='word_1_53' title='bbox 622 1013 656 1022; x_wconf 96' lang='grc'>-</span> <span class='ocrx_word' id='word_1_54' title='bbox 678 975 906 1062; x_wconf 82' lang='lat' dir='ltr'><strong>Turpissimum</strong></span> <span class='ocrx_word' id='word_1_55' title='bbox 922 980 1033 1045; x_wconf 84' lang='lat' dir='ltr'><strong>vitium</strong></span> <span class='ocrx_word' id='word_1_56' title='bbox 1049 982 1100 1044; x_wconf 88' lang='lat' dir='ltr'><strong>est</strong></span> <span class='ocrx_word' id='word_1_57' title='bbox 1113 976 1263 1043; x_wconf 81' lang='lat' dir='ltr'><strong>helluatio</strong></span> <span class='ocrx_word' id='word_1_58' title='bbox 1279 997 1318 1043; x_wconf 90' lang='lat' dir='ltr'><strong>ac</strong></span> 
     </span>
     <span class='ocr_line' id='line_1_8' title="bbox 191 1079 1315 1164; baseline 0.001 -22"><span class='ocrx_word' id='word_1_59' title='bbox 191 1079 354 1160; x_wconf 87' lang='lat' dir='ltr'><strong>voracitas,</strong></span> <span class='ocrx_word' id='word_1_60' title='bbox 377 1098 454 1164; x_wconf 84' lang='lat' dir='ltr'><strong>quas</strong></span> <span class='ocrx_word' id='word_1_61' title='bbox 475 1098 538 1145; x_wconf 93' lang='lat' dir='ltr'><strong>non</strong></span> <span class='ocrx_word' id='word_1_62' title='bbox 562 1080 639 1145; x_wconf 88' lang='lat' dir='ltr'><strong>satis</strong></span> <span class='ocrx_word' id='word_1_63' title='bbox 662 1079 791 1145; x_wconf 79' lang='lat' dir='ltr'><strong>student</strong></span> <span class='ocrx_word' id='word_1_64' title='bbox 812 1080 920 1162; x_wconf 82' lang='lat' dir='ltr'><strong>lugere</strong></span> <span class='ocrx_word' id='word_1_65' title='bbox 943 1081 1086 1148; x_wconf 91' lang='lat' dir='ltr'><strong>homines</strong></span> <span class='ocrx_word' id='word_1_66' title='bbox 1103 1079 1138 1162; x_wconf 89' lang='lat'><strong>(1.</strong></span> <span class='ocrx_word' id='word_1_67' title='bbox 1155 1079 1176 1144; x_wconf 90' lang='grc' dir='ltr'><strong>Ι.</strong></span> <span class='ocrx_word' id='word_1_68' title='bbox 1192 1099 1223 1164; x_wconf 88' lang='lat' dir='ltr'><strong>p.</strong></span> <span class='ocrx_word' id='word_1_69' title='bbox 1239 1081 1315 1163; x_wconf 84' lang='grc'>297)</span> 
     </span>
     <span class='ocr_line' id='line_1_9' title="bbox 191 1180 1316 1269; baseline 0.003 -26"><span class='ocrx_word' id='word_1_70' title='bbox 191 1181 278 1244; x_wconf 91' lang='grc' dir='ltr'><strong>καίτοι</strong></span> <span class='ocrx_word' id='word_1_71' title='bbox 303 1182 553 1269; x_wconf 63' lang='grc' dir='ltr'><strong>γαστριμαργία</strong></span> <span class='ocrx_word' id='word_1_72' title='bbox 578 1181 604 1243; x_wconf 92' lang='grc' dir='ltr'><strong>τί</strong></span> <span class='ocrx_word' id='word_1_73' title='bbox 626 1184 660 1244; x_wconf 89' lang='grc' dir='ltr'><strong>ἀν</strong></span> <span class='ocrx_word' id='word_1_74' title='bbox 683 1182 727 1263; x_wconf 86' lang='grc' dir='ltr'><strong>εἴη</strong></span> <span class='ocrx_word' id='word_1_75' title='bbox 781 1180 827 1246; x_wconf 84' lang='lat' dir='ltr'><strong>Ol.</strong></span> <span class='ocrx_word' id='word_1_76' title='bbox 850 1180 888 1264; x_wconf 90' lang='lat' dir='ltr'><strong>ll,</strong></span> <span class='ocrx_word' id='word_1_77' title='bbox 917 1184 957 1246; x_wconf 83' lang='lat'><strong>12</strong></span> <span class='ocrx_word' id='word_1_78' title='bbox 979 1203 1010 1267; x_wconf 89' lang='lat' dir='ltr'><strong>p.</strong></span> <span class='ocrx_word' id='word_1_79' title='bbox 1036 1183 1096 1245; x_wconf 83' lang='lat'><strong>171</strong></span> <span class='ocrx_word' id='word_1_80' title='bbox 1123 1180 1157 1246; x_wconf 88' lang='lat' dir='ltr'><strong>P.</strong></span> <span class='ocrx_word' id='word_1_81' title='bbox 1192 1183 1212 1266; x_wconf 79' lang='grc' dir='ltr'>ἡ</span> <span class='ocrx_word' id='word_1_82' title='bbox 1238 1190 1316 1266; x_wconf 81' lang='grc' dir='ltr'><strong>γοῦν</strong></span> 
     </span>
     <span class='ocr_line' id='line_1_10' title="bbox 191 1283 1315 1374; baseline 0.002 -26"><span class='ocrx_word' id='word_1_83' title='bbox 191 1285 562 1374; x_wconf 74' lang='grc' dir='ltr'><strong>ἀλλαῆἀκρασίατερί</strong></span> <span class='ocrx_word' id='word_1_84' title='bbox 584 1290 726 1373; x_wconf 78' lang='grc' dir='ltr'><strong>τροφήν,</strong></span> <span class='ocrx_word' id='word_1_85' title='bbox 781 1285 958 1371; x_wconf 90' lang='grc' dir='ltr'><strong>ὀψοφαγία</strong></span> <span class='ocrx_word' id='word_1_86' title='bbox 994 1283 1092 1348; x_wconf 73' lang='grc' dir='ltr'><strong>οὐδὲν</strong></span> <span class='ocrx_word' id='word_1_87' title='bbox 1131 1286 1249 1373; x_wconf 80' lang='grc' dir='ltr'><strong>ἕτερόν</strong></span> <span class='ocrx_word' id='word_1_88' title='bbox 1281 1289 1315 1350; x_wconf 86' lang='grc' dir='ltr'><strong>ἐ-</strong></span> 
     </span>
     <span class='ocr_line' id='line_1_11' title="bbox 189 1387 1316 1479; baseline 0.004 -27"><span class='ocrx_word' id='word_1_89' title='bbox 189 1387 223 1452; x_wconf 83' lang='grc' dir='ltr'><strong>ὀι’</strong></span> <span class='ocrx_word' id='word_1_90' title='bbox 246 1392 282 1474; x_wconf 79' lang='grc' dir='ltr'><strong>ἣν</strong></span> <span class='ocrx_word' id='word_1_91' title='bbox 316 1391 460 1478; x_wconf 80' lang='grc' dir='ltr'><strong>ἀνάριυιτοι</strong></span> <span class='ocrx_word' id='word_1_92' title='bbox 493 1391 524 1454; x_wconf 88' lang='grc' dir='ltr'><strong>τό</strong></span> <span class='ocrx_word' id='word_1_93' title='bbox 551 1389 605 1476; x_wconf 77' lang='grc' dir='ltr'><strong>ἡδὺ</strong></span> <span class='ocrx_word' id='word_1_94' title='bbox 633 1392 664 1454; x_wconf 89' lang='grc' dir='ltr'><strong>τό</strong></span> <span class='ocrx_word' id='word_1_95' title='bbox 699 1392 728 1455; x_wconf 86' lang='grc' dir='ltr'><strong>ἐν</strong></span> <span class='ocrx_word' id='word_1_96' title='bbox 781 1390 894 1472; x_wconf 79' lang='grc' dir='ltr'><strong>στινὴ</strong></span> <span class='ocrx_word' id='word_1_97' title='bbox 922 1390 1070 1476; x_wconf 75' lang='grc' dir='ltr'><strong>ἀμετρία</strong></span> <span class='ocrx_word' id='word_1_98' title='bbox 1091 1390 1167 1476; x_wconf 83' lang='grc' dir='ltr'><strong>περὶ</strong></span> <span class='ocrx_word' id='word_1_99' title='bbox 1193 1391 1316 1479; x_wconf 75' lang='grc' dir='ltr'><strong>χρῆσιν</strong></span> 
     </span>
     <span class='ocr_line' id='line_1_12' title="bbox 186 1493 1317 1584; baseline 0.004 -28"><span class='ocrx_word' id='word_1_100' title='bbox 186 1495 258 1579; x_wconf 86' lang='grc' dir='ltr'><strong>Ισίτιρ</strong></span> <span class='ocrx_word' id='word_1_101' title='bbox 295 1501 344 1558; x_wconf 85' lang='grc' dir='ltr'><strong>τοῦ</strong></span> <span class='ocrx_word' id='word_1_102' title='bbox 381 1495 528 1583; x_wconf 80' lang='grc' dir='ltr'><strong>ὠφελίμου</strong></span> <span class='ocrx_word' id='word_1_103' title='bbox 561 1503 727 1584; x_wconf 74' lang='grc' dir='ltr'><strong>προτιμῶσιγ</strong></span> <span class='ocrx_word' id='word_1_104' title='bbox 780 1494 864 1578; x_wconf 91' lang='grc' dir='ltr'><strong>ὀψου</strong></span> <span class='ocrx_word' id='word_1_105' title='bbox 901 1493 949 1556; x_wconf 86' lang='grc' dir='ltr'><strong>καί</strong></span> <span class='ocrx_word' id='word_1_106' title='bbox 985 1495 1005 1577; x_wconf 80' lang='grc' dir='ltr'>ἡ</span> <span class='ocrx_word' id='word_1_107' title='bbox 1042 1495 1195 1582; x_wconf 78' lang='grc' dir='ltr'><strong>λαιμαργία</strong></span> <span class='ocrx_word' id='word_1_108' title='bbox 1232 1499 1317 1580; x_wconf 84' lang='grc' dir='ltr'><strong>μανία</strong></span> 
     </span>
     <span class='ocr_line' id='line_1_13' title="bbox 191 1597 1316 1691; baseline 0.006 -31"><span class='ocrx_word' id='word_1_109' title='bbox 191 1599 238 1661; x_wconf 86' lang='grc' dir='ltr'><strong>ιιαί</strong></span> <span class='ocrx_word' id='word_1_110' title='bbox 259 1601 431 1686; x_wconf 83' lang='grc' dir='ltr'><strong>ὀψοφαγία</strong></span> <span class='ocrx_word' id='word_1_111' title='bbox 449 1599 484 1663; x_wconf 74' lang='grc' dir='ltr'><strong>ἀὲ</strong></span> <span class='ocrx_word' id='word_1_112' title='bbox 500 1600 596 1664; x_wconf 76' lang='grc' dir='ltr'><strong>οὐδὲν</strong></span> <span class='ocrx_word' id='word_1_113' title='bbox 611 1602 727 1689; x_wconf 84' lang='grc' dir='ltr'><strong>ἕτερόν</strong></span> <span class='ocrx_word' id='word_1_114' title='bbox 779 1597 841 1686; x_wconf 85' lang='grc' dir='ltr'><strong>περὶ</strong></span> <span class='ocrx_word' id='word_1_115' title='bbox 862 1598 911 1660; x_wconf 91' lang='grc' dir='ltr'><strong>τόν</strong></span> <span class='ocrx_word' id='word_1_116' title='bbox 933 1598 1045 1681; x_wconf 84' lang='grc' dir='ltr'><strong>λαιμόν,</strong></span> <span class='ocrx_word' id='word_1_117' title='bbox 1069 1601 1116 1662; x_wconf 88' lang='grc' dir='ltr'><strong>καί</strong></span> <span class='ocrx_word' id='word_1_118' title='bbox 1137 1601 1157 1684; x_wconf 85' lang='grc' dir='ltr'>ἡ</span> <span class='ocrx_word' id='word_1_119' title='bbox 1181 1624 1316 1691; x_wconf 90' lang='grc' dir='ltr'><strong>γαστρι-</strong></span> 
     </span>
     <span class='ocr_line' id='line_1_14' title="bbox 191 1689 1317 1794; baseline 0.005 -28"><span class='ocrx_word' id='word_1_120' title='bbox 191 1703 585 1794; x_wconf 80' lang='grc' dir='ltr'><strong>ἐστινὴάμετρίαπερί</strong></span> <span class='ocrx_word' id='word_1_121' title='bbox 604 1714 723 1794; x_wconf 84' lang='grc' dir='ltr'><strong>χρῆσιν</strong></span> <span class='ocrx_word' id='word_1_122' title='bbox 780 1704 905 1790; x_wconf 89' lang='grc' dir='ltr'><strong>μαργία</strong></span> <span class='ocrx_word' id='word_1_123' title='bbox 940 1689 1095 1792; x_wconf 78' lang='grc' dir='ltr'><strong>ἀκρασία</strong></span> <span class='ocrx_word' id='word_1_124' title='bbox 1138 1707 1213 1794; x_wconf 83' lang='grc' dir='ltr'><strong>περὶ</strong></span> <span class='ocrx_word' id='word_1_125' title='bbox 1256 1709 1317 1793; x_wconf 76' lang='grc' dir='ltr'><strong>τὴν</strong></span> 
     </span>
     <span class='ocr_line' id='line_1_15' title="bbox 190 1807 1316 1897; baseline 0.005 -27"><span class='ocrx_word' id='word_1_126' title='bbox 190 1808 288 1893; x_wconf 89' lang='grc' dir='ltr'><strong>ὀψαυ.</strong></span> <span class='ocrx_word' id='word_1_127' title='bbox 779 1811 925 1894; x_wconf 79' lang='grc' dir='ltr'><strong>τρυφήν,</strong></span> <span class='ocrx_word' id='word_1_128' title='bbox 965 1807 1006 1878; x_wconf 79' lang='grc' dir='ltr'><strong>ὡς</strong></span> <span class='ocrx_word' id='word_1_129' title='bbox 1042 1808 1074 1872; x_wconf 73' lang='grc' dir='ltr'><strong>δὲ</strong></span> <span class='ocrx_word' id='word_1_130' title='bbox 1111 1809 1158 1872; x_wconf 83' lang='grc' dir='ltr'><strong>καί</strong></span> <span class='ocrx_word' id='word_1_131' title='bbox 1193 1813 1316 1897; x_wconf 85' lang='grc' dir='ltr'><strong>τοῦνομα</strong></span> 
     </span>
    </p>

    <p class='ocr_par' dir='ltr' id='par_1_3' title="bbox 567 1913 1344 2714">
     <span class='ocr_line' id='line_1_16' title="bbox 778 1913 1316 2003; baseline 0.017 -29"><span class='ocrx_word' id='word_1_132' title='bbox 778 1915 906 1999; x_wconf 84' lang='grc' dir='ltr'><strong>περιέχει,</strong></span> <span class='ocrx_word' id='word_1_133' title='bbox 931 1914 1016 1995; x_wconf 83' lang='grc' dir='ltr'><strong>μανία</strong></span> <span class='ocrx_word' id='word_1_134' title='bbox 1039 1913 1083 1976; x_wconf 84' lang='grc' dir='ltr'><strong>ἐπί</strong></span> <span class='ocrx_word' id='word_1_135' title='bbox 1104 1918 1237 2003; x_wconf 85' lang='grc' dir='ltr'><strong>γαστέρα.</strong></span> <span class='ocrx_word' id='word_1_136' title='bbox 1284 1919 1316 1983; x_wconf 85' lang='lat' dir='ltr'><strong>Si</strong></span> 
     </span>
     <span class='ocr_line' id='line_1_17' title="bbox 780 2014 1344 2109; baseline 0.007 -28"><span class='ocrx_word' id='word_1_137' title='bbox 780 2014 877 2082; x_wconf 73' lang='lat' dir='ltr'><strong>(llam.</strong></span> <span class='ocrx_word' id='word_1_138' title='bbox 906 2014 1121 2084; x_wconf 83' lang='lat' dir='ltr'><strong>definitionem</strong></span> <span class='ocrx_word' id='word_1_139' title='bbox 1148 2019 1318 2109; x_wconf 80' lang='grc' dir='ltr'><strong>λαιμαργίας</strong></span> <span class='ocrx_word' id='word_1_140' title='bbox 1342 2015 1344 2020; x_wconf 60' lang='grc'><strong>’</strong></span> 
     </span>
     <span class='ocr_line' id='line_1_18' title="bbox 778 2120 1316 2205; baseline 0.011 -22"><span class='ocrx_word' id='word_1_141' title='bbox 778 2137 842 2184; x_wconf 91' lang='lat' dir='ltr'><strong>non</strong></span> <span class='ocrx_word' id='word_1_142' title='bbox 875 2138 916 2184; x_wconf 84' lang='lat' dir='ltr'><strong>ex</strong></span> <span class='ocrx_word' id='word_1_143' title='bbox 947 2138 1004 2184; x_wconf 88' lang='lat' dir='ltr'><strong>suo</strong></span> <span class='ocrx_word' id='word_1_144' title='bbox 1040 2120 1166 2202; x_wconf 84' lang='lat' dir='ltr'><strong>ingenio</strong></span> <span class='ocrx_word' id='word_1_145' title='bbox 1202 2123 1316 2205; x_wconf 87' lang='lat' dir='ltr'><strong>hausit,</strong></span> 
     </span>
     <span class='ocr_line' id='line_1_19' title="bbox 778 2218 1316 2303; baseline 0.015 -19"><span class='ocrx_word' id='word_1_146' title='bbox 778 2218 861 2303; x_wconf 89' lang='lat' dir='ltr'><strong>quod</strong></span> <span class='ocrx_word' id='word_1_147' title='bbox 884 2224 1006 2286; x_wconf 86' lang='lat' dir='ltr'><strong>certum</strong></span> <span class='ocrx_word' id='word_1_148' title='bbox 1028 2228 1086 2303; x_wconf 89' lang='lat' dir='ltr'><strong>est,</strong></span> <span class='ocrx_word' id='word_1_149' title='bbox 1108 2223 1167 2290; x_wconf 83' lang='lat' dir='ltr'><strong>sed</strong></span> <span class='ocrx_word' id='word_1_150' title='bbox 1189 2233 1220 2291; x_wconf 87' lang='lat' dir='ltr'><strong>et</strong></span> <span class='ocrx_word' id='word_1_151' title='bbox 1234 2225 1316 2292; x_wconf 90' lang='lat' dir='ltr'><strong>hanc</strong></span> 
     </span>
     <span class='ocr_line' id='line_1_20' title="bbox 778 2321 1316 2415; baseline 0.007 -29"><span class='ocrx_word' id='word_1_152' title='bbox 778 2326 812 2408; x_wconf 81' lang='lat' dir='ltr'><strong>et</strong></span> <span class='ocrx_word' id='word_1_153' title='bbox 838 2321 1061 2406; x_wconf 76' lang='lat' dir='ltr'><strong>etymologiam</strong></span> <span class='ocrx_word' id='word_1_154' title='bbox 1089 2329 1316 2415; x_wconf 80' lang='grc' dir='ltr'><strong>γαστριμαργίας,</strong></span> 
     </span>
     <span class='ocr_line' id='line_1_21' title="bbox 779 2423 1317 2514; baseline 0.017 -25"><span class='ocrx_word' id='word_1_155' title='bbox 779 2444 819 2490; x_wconf 83' lang='lat' dir='ltr'><strong>ex</strong></span> <span class='ocrx_word' id='word_1_156' title='bbox 841 2425 942 2490; x_wconf 88' lang='lat' dir='ltr'><strong>stoico</strong></span> <span class='ocrx_word' id='word_1_157' title='bbox 964 2423 1050 2490; x_wconf 88' lang='lat' dir='ltr'><strong>lonte</strong></span> <span class='ocrx_word' id='word_1_158' title='bbox 1072 2431 1240 2514; x_wconf 86' lang='lat' dir='ltr'><strong>transtulit,</strong></span> <span class='ocrx_word' id='word_1_159' title='bbox 1268 2452 1317 2498; x_wconf 90' lang='lat' dir='ltr'><strong>se·</strong></span> 
     </span>
     <span class='ocr_line' id='line_1_22' title="bbox 567 2526 1317 2617; baseline 0.015 -28"><span class='ocrx_word' id='word_1_160' title='bbox 567 2534 572 2540; x_wconf 50' lang='lat'><em>*</em></span> <span class='ocrx_word' id='word_1_161' title='bbox 691 2553 694 2558; x_wconf 53' lang='lat'><strong><em>¹</em></strong></span> <span class='ocrx_word' id='word_1_162' title='bbox 778 2526 891 2609; x_wconf 87' lang='lat' dir='ltr'><strong>quitur,</strong></span> <span class='ocrx_word' id='word_1_163' title='bbox 920 2544 992 2592; x_wconf 89' lang='lat' dir='ltr'><strong>eum</strong></span> <span class='ocrx_word' id='word_1_164' title='bbox 1019 2547 1083 2594; x_wconf 91' lang='lat' dir='ltr'><strong>non</strong></span> <span class='ocrx_word' id='word_1_165' title='bbox 1110 2531 1250 2617; x_wconf 85' lang='lat' dir='ltr'><strong>pendere</strong></span> <span class='ocrx_word' id='word_1_166' title='bbox 1277 2535 1317 2600; x_wconf 89' lang='lat' dir='ltr'><strong>ab</strong></span> 
     </span>
     <span class='ocr_line' id='line_1_23' title="bbox 778 2627 1317 2714; baseline 0.013 -22"><span class='ocrx_word' id='word_1_167' title='bbox 778 2631 907 2693; x_wconf 87' lang='lat' dir='ltr'><strong>auctore</strong></span> <span class='ocrx_word' id='word_1_168' title='bbox 948 2627 1034 2714; x_wconf 84' lang='lat' dir='ltr'><strong>apud</strong></span> <span class='ocrx_word' id='word_1_169' title='bbox 1071 2630 1157 2699; x_wconf 87' lang='lat' dir='ltr'><strong>Stob.</strong></span> <span class='ocrx_word' id='word_1_170' title='bbox 1185 2645 1317 2702; x_wconf 78' lang='lat' dir='ltr'><strong>servato.</strong></span> 
     </span>
    </p>
   </div>
   <div class='ocr_carea' id='block_1_3' title="bbox 186 2726 727 3441">
    <p class='ocr_par' dir='ltr' id='par_1_4' title="bbox 186 2726 727 3441">
     <span class='ocr_line' id='line_1_24' title="bbox 187 2726 724 2813; baseline 0.004 -23"><span class='ocrx_word' id='word_1_171' title='bbox 187 2733 363 2813; x_wconf 77' lang='grc' dir='ltr'><strong>πανταχοῦ</strong></span> <span class='ocrx_word' id='word_1_172' title='bbox 397 2726 431 2791; x_wconf 83' lang='grc' dir='ltr'><strong>ὀὲ</strong></span> <span class='ocrx_word' id='word_1_173' title='bbox 465 2728 571 2813; x_wconf 83' lang='grc' dir='ltr'><strong>καιιόν</strong></span> <span class='ocrx_word' id='word_1_174' title='bbox 594 2727 724 2813; x_wconf 84' lang='grc' dir='ltr'><strong>οόσαὴ</strong></span> 
     </span>
     <span class='ocr_line' id='line_1_25' title="bbox 188 2815 725 2921; baseline 0.006 -26"><span class='ocrx_word' id='word_1_175' title='bbox 188 2815 334 2921; x_wconf 85' lang='grc' dir='ltr'><strong>ἀμετρία</strong></span> <span class='ocrx_word' id='word_1_176' title='bbox 357 2833 386 2895; x_wconf 87' lang='grc' dir='ltr'><strong>ἐν</strong></span> <span class='ocrx_word' id='word_1_177' title='bbox 409 2841 468 2903; x_wconf 81' lang='grc' dir='ltr'><strong>τοῖς</strong></span> <span class='ocrx_word' id='word_1_178' title='bbox 490 2834 641 2916; x_wconf 86' lang='grc' dir='ltr'><strong>μάλιστα</strong></span> <span class='ocrx_word' id='word_1_179' title='bbox 655 2835 725 2918; x_wconf 64' lang='grc' dir='ltr'><strong>τηόε</strong></span> 
     </span>
     <span class='ocr_line' id='line_1_26' title="bbox 187 2935 724 3026; baseline 0.004 -26"><span class='ocrx_word' id='word_1_180' title='bbox 187 2935 240 3020; x_wconf 76' lang='grc' dir='ltr'><strong>τὴν</strong></span> <span class='ocrx_word' id='word_1_181' title='bbox 276 2937 381 3022; x_wconf 76' lang='grc' dir='ltr'><strong>ἑαυτῆς</strong></span> <span class='ocrx_word' id='word_1_182' title='bbox 418 2937 597 3002; x_wconf 81' lang='grc' dir='ltr'><strong>ἐπιδείκνυται</strong></span> <span class='ocrx_word' id='word_1_183' title='bbox 634 2940 724 3026; x_wconf 81' lang='grc' dir='ltr'><strong>φύσιν,</strong></span> 
     </span>
     <span class='ocr_line' id='line_1_27' title="bbox 186 3040 727 3130; baseline 0.004 -26"><span class='ocrx_word' id='word_1_184' title='bbox 186 3045 368 3130; x_wconf 77' lang='grc' dir='ltr'><strong>παρεχομένη</strong></span> <span class='ocrx_word' id='word_1_185' title='bbox 390 3040 457 3112; x_wconf 81' lang='grc' dir='ltr'><strong>τοὺς</strong></span> <span class='ocrx_word' id='word_1_186' title='bbox 478 3045 640 3130; x_wconf 81' lang='grc' dir='ltr'><strong>ὀψοφάγους</strong></span> <span class='ocrx_word' id='word_1_187' title='bbox 666 3044 727 3108; x_wconf 85' lang='grc' dir='ltr'><strong>ἀντὶ</strong></span> 
     </span>
     <span class='ocr_line' id='line_1_28' title="bbox 188 3145 724 3234; baseline 0.006 -26"><span class='ocrx_word' id='word_1_188' title='bbox 188 3147 348 3234; x_wconf 73' lang='grc' dir='ltr'><strong>ἀνθρώπων</strong></span> <span class='ocrx_word' id='word_1_189' title='bbox 371 3145 443 3209; x_wconf 80' lang='grc' dir='ltr'><strong>ὑσὶν</strong></span> <span class='ocrx_word' id='word_1_190' title='bbox 467 3147 487 3231; x_wconf 72' lang='grc' dir='ltr'>ἡ</span> <span class='ocrx_word' id='word_1_191' title='bbox 510 3147 606 3210; x_wconf 83' lang='grc' dir='ltr'><strong>κυσὶν</strong></span> <span class='ocrx_word' id='word_1_192' title='bbox 629 3149 724 3229; x_wconf 86' lang='grc' dir='ltr'><strong>ὀμοι·</strong></span> 
     </span>
     <span class='ocr_line' id='line_1_29' title="bbox 188 3249 727 3337; baseline 0.002 -24"><span class='ocrx_word' id='word_1_193' title='bbox 188 3252 352 3334; x_wconf 80' lang='grc' dir='ltr'><strong>αυμένους</strong></span> <span class='ocrx_word' id='word_1_194' title='bbox 373 3249 656 3337; x_wconf 82' lang='grc' dir='ltr'><strong>τὴνλαβρότητα</strong></span> <span class='ocrx_word' id='word_1_195' title='bbox 680 3253 727 3314; x_wconf 90' lang='grc' dir='ltr'><strong>καί</strong></span> 
     </span>
     <span class='ocr_line' id='line_1_30' title="bbox 187 3353 637 3441; baseline 0.002 -24"><span class='ocrx_word' id='word_1_196' title='bbox 187 3353 371 3441; x_wconf 82' lang='grc' dir='ltr'><strong>εὐσχημονεῖν</strong></span> <span class='ocrx_word' id='word_1_197' title='bbox 394 3354 436 3440; x_wconf 81' lang='grc' dir='ltr'><strong>μὴ</strong></span> <span class='ocrx_word' id='word_1_198' title='bbox 458 3357 637 3440; x_wconf 68' lang='grc' dir='ltr'><strong>δυναμένους.</strong></span> 
     </span>
    </p>
   </div>
   <div class='ocr_carea' id='block_1_4' title="bbox 189 3707 394 3719">
    <p class='ocr_par' dir='ltr' id='par_1_5' title="bbox 189 3707 394 3719">
     <span class='ocr_line' id='line_1_31' title="bbox 189 3707 394 3719; baseline 0.015 -3"><span class='ocrx_word' id='word_1_199' title='bbox 189 3707 394 3719; x_wconf 70' lang='lat' dir='ltr'>u—-—...-.</span> 
     </span>
    </p>
   </div>
   <div class='ocr_carea' id='block_1_5' title="bbox 777 2732 1318 3652">
    <p class='ocr_par' dir='ltr' id='par_1_6' title="bbox 777 2732 1318 3652">
     <span class='ocr_line' id='line_1_32' title="bbox 823 2732 1317 2817; baseline 0.02 -25"><span class='ocrx_word' id='word_1_200' title='bbox 823 2732 861 2793; x_wconf 87' lang='lat'><strong>11</strong></span> <span class='ocrx_word' id='word_1_201' title='bbox 909 2741 1070 2817; x_wconf 70' lang='grc' dir='ltr'><strong>πανταχῇ</strong></span> <span class='ocrx_word' id='word_1_202' title='bbox 1120 2733 1155 2800; x_wconf 74' lang='grc' dir='ltr'><strong>δὲ</strong></span> <span class='ocrx_word' id='word_1_203' title='bbox 1212 2740 1317 2802; x_wconf 88' lang='grc' dir='ltr'><strong>ιιακόν</strong></span> 
     </span>
     <span class='ocr_line' id='line_1_33' title="bbox 778 2833 1318 2930; baseline 0.02 -35"><span class='ocrx_word' id='word_1_204' title='bbox 778 2833 865 2896; x_wconf 87' lang='grc' dir='ltr'><strong>οόσα</strong></span> <span class='ocrx_word' id='word_1_205' title='bbox 905 2835 925 2918; x_wconf 89' lang='grc' dir='ltr'>ἡ</span> <span class='ocrx_word' id='word_1_206' title='bbox 971 2839 1117 2926; x_wconf 82' lang='grc' dir='ltr'><strong>ἀμετρία</strong></span> <span class='ocrx_word' id='word_1_207' title='bbox 1161 2842 1222 2930; x_wconf 81' lang='grc' dir='ltr'><strong>περὶ</strong></span> <span class='ocrx_word' id='word_1_208' title='bbox 1266 2845 1318 2913; x_wconf 79' lang='grc' dir='ltr'><strong>τ’ἀς</strong></span> 
     </span>
     <span class='ocr_line' id='line_1_34' title="bbox 777 2940 1316 3032; baseline 0.02 -33"><span class='ocrx_word' id='word_1_209' title='bbox 777 2940 886 3025; x_wconf 80' lang='grc' dir='ltr'><strong>τροφάς</strong></span> <span class='ocrx_word' id='word_1_210' title='bbox 931 2941 1087 3022; x_wconf 76' lang='grc' dir='ltr'><strong>’μάλιστα</strong></span> <span class='ocrx_word' id='word_1_211' title='bbox 1136 2946 1316 3032; x_wconf 79' lang='grc' dir='ltr'><strong>ἀιελέγχεται,</strong></span> 
     </span>
     <span class='ocr_line' id='line_1_35' title="bbox 778 3041 1318 3137; baseline 0.013 -31"><span class='ocrx_word' id='word_1_212' title='bbox 778 3041 873 3127; x_wconf 81' lang='lat' dir='ltr'><strong>paulo</strong></span> <span class='ocrx_word' id='word_1_213' title='bbox 900 3050 974 3109; x_wconf 81' lang='lat' dir='ltr'><strong>ante</strong></span> <span class='ocrx_word' id='word_1_214' title='bbox 1000 3045 1058 3108; x_wconf 84' lang='grc' dir='ltr'><strong>ἔστι</strong></span> <span class='ocrx_word' id='word_1_215' title='bbox 1084 3049 1138 3135; x_wconf 90' lang='grc' dir='ltr'><strong>γάρ</strong></span> <span class='ocrx_word' id='word_1_216' title='bbox 1162 3051 1230 3137; x_wconf 85' lang='grc' dir='ltr'><strong>ὀροίν</strong></span> <span class='ocrx_word' id='word_1_217' title='bbox 1253 3049 1318 3120; x_wconf 84' lang='grc' dir='ltr'><strong>τοὺς</strong></span> 
     </span>
     <span class='ocr_line' id='line_1_36' title="bbox 777 3145 1318 3238; baseline 0.018 -31"><span class='ocrx_word' id='word_1_218' title='bbox 777 3146 918 3216; x_wconf 79' lang='grc' dir='ltr'><strong>τοιούτους</strong></span> <span class='ocrx_word' id='word_1_219' title='bbox 940 3145 1014 3230; x_wconf 79' lang='grc' dir='ltr'><strong>ὀρίν</strong></span> <span class='ocrx_word' id='word_1_220' title='bbox 1037 3151 1057 3234; x_wconf 76' lang='grc' dir='ltr'>ἡ</span> <span class='ocrx_word' id='word_1_221' title='bbox 1080 3153 1175 3216; x_wconf 89' lang='grc' dir='ltr'><strong>κυσίν</strong></span> <span class='ocrx_word' id='word_1_222' title='bbox 1191 3153 1318 3238; x_wconf 79' lang='grc' dir='ltr'><strong>ὀιάτίγν</strong></span> 
     </span>
     <span class='ocr_line' id='line_1_37' title="bbox 777 3248 1318 3346; baseline 0.02 -35"><span class='ocrx_word' id='word_1_223' title='bbox 777 3248 978 3337; x_wconf 83' lang='grc' dir='ltr'><strong>λαβρότητα</strong></span> <span class='ocrx_word' id='word_1_224' title='bbox 994 3255 1107 3336; x_wconf 87' lang='grc' dir='ltr'><strong>μᾶλλον</strong></span> <span class='ocrx_word' id='word_1_225' title='bbox 1122 3259 1142 3342; x_wconf 77' lang='grc' dir='ltr'>ἡ</span> <span class='ocrx_word' id='word_1_226' title='bbox 1159 3259 1318 3346; x_wconf 77' lang='grc' dir='ltr'><strong>ἀνθρώποις</strong></span> 
     </span>
     <span class='ocr_line' id='line_1_38' title="bbox 778 3352 1236 3440; baseline 0.02 -25"><span class='ocrx_word' id='word_1_227' title='bbox 778 3352 1032 3439; x_wconf 83' lang='grc' dir='ltr'><strong>ὡμοιωμέναυς.</strong></span> <span class='ocrx_word' id='word_1_228' title='bbox 1233 3434 1236 3440; x_wconf 40' lang='grc'>,</span> 
     </span>
     <span class='ocr_line' id='line_1_39' title="bbox 777 3458 1318 3545; baseline 0.02 -25"><span class='ocrx_word' id='word_1_229' title='bbox 777 3458 978 3545; x_wconf 86' lang='grc' dir='ltr'><strong>εὐσχημοσύνη</strong></span> <span class='ocrx_word' id='word_1_230' title='bbox 990 3461 1230 3544; x_wconf 84' lang='lat' dir='ltr'><strong>diligentissime</strong></span> <span class='ocrx_word' id='word_1_231' title='bbox 1245 3485 1318 3534; x_wconf 88' lang='lat' dir='ltr'><strong>sna·</strong></span> 
     </span>
     <span class='ocr_line' id='line_1_40' title="bbox 778 3560 1317 3652; baseline 0.011 -26"><span class='ocrx_word' id='word_1_232' title='bbox 778 3560 871 3630; x_wconf 87' lang='lat' dir='ltr'><strong>detur</strong></span> <span class='ocrx_word' id='word_1_233' title='bbox 885 3563 970 3650; x_wconf 86' lang='lat' dir='ltr'><strong>apud</strong></span> <span class='ocrx_word' id='word_1_234' title='bbox 986 3563 1032 3630; x_wconf 87' lang='grc'><strong>61.</strong></span> <span class='ocrx_word' id='word_1_235' title='bbox 1044 3563 1083 3650; x_wconf 91' lang='grc' dir='ltr'><strong>ΙΙ,</strong></span> <span class='ocrx_word' id='word_1_236' title='bbox 1099 3567 1136 3630; x_wconf 90' lang='grc'><strong>31</strong></span> <span class='ocrx_word' id='word_1_237' title='bbox 1155 3587 1186 3652; x_wconf 90' lang='lat' dir='ltr'><strong>p.</strong></span> <span class='ocrx_word' id='word_1_238' title='bbox 1205 3568 1265 3631; x_wconf 83' lang='lat'><strong>185</strong></span> <span class='ocrx_word' id='word_1_239' title='bbox 1282 3565 1317 3632; x_wconf 89' lang='lat' dir='ltr'><strong>P.</strong></span> 
     </span>
    </p>
   </div>
   <div class='ocr_carea' id='block_1_6' title="bbox 186 3813 1318 4140">
    <p class='ocr_par' dir='ltr' id='par_1_7' title="bbox 186 3813 1318 4140">
     <span class='ocr_line' id='line_1_41' title="bbox 274 3813 1317 3886; baseline 0.009 -21"><span class='ocrx_word' id='word_1_240' title='bbox 274 3813 294 3880; x_wconf 89' lang='lat'><strong>¹)</strong></span> <span class='ocrx_word' id='word_1_241' title='bbox 317 3813 445 3867; x_wconf 86' lang='lat' dir='ltr'><strong>Hominis</strong></span> <span class='ocrx_word' id='word_1_242' title='bbox 471 3829 531 3868; x_wconf 91' lang='lat' dir='ltr'><strong>cnm</strong></span> <span class='ocrx_word' id='word_1_243' title='bbox 560 3813 643 3868; x_wconf 82' lang='lat' dir='ltr'><strong>belno</strong></span> <span class='ocrx_word' id='word_1_244' title='bbox 672 3815 905 3886; x_wconf 82' lang='lat' dir='ltr'><strong>comparationem</strong></span> <span class='ocrx_word' id='word_1_245' title='bbox 934 3818 1004 3872; x_wconf 84' lang='lat' dir='ltr'><strong>satis</strong></span> <span class='ocrx_word' id='word_1_246' title='bbox 1030 3819 1124 3875; x_wconf 82' lang='lat' dir='ltr'><strong>tritum</strong></span> <span class='ocrx_word' id='word_1_247' title='bbox 1151 3819 1200 3873; x_wconf 85' lang='lat' dir='ltr'><strong>illa</strong></span> <span class='ocrx_word' id='word_1_248' title='bbox 1226 3823 1317 3874; x_wconf 84' lang='lat' dir='ltr'><strong>aetate</strong></span> 
     </span>
     <span class='ocr_line' id='line_1_42' title="bbox 187 3894 1318 3971; baseline 0.006 -20"><span class='ocrx_word' id='word_1_249' title='bbox 187 3894 309 3966; x_wconf 75' lang='lat' dir='ltr'><strong>(Moscha</strong></span> <span class='ocrx_word' id='word_1_250' title='bbox 327 3896 345 3954; x_wconf 90' lang='grc' dir='ltr'><strong>Ι.</strong></span> <span class='ocrx_word' id='word_1_251' title='bbox 364 3913 388 3954; x_wconf 89' lang='lat' dir='ltr'><strong>c.</strong></span> <span class='ocrx_word' id='word_1_252' title='bbox 406 3915 433 3970; x_wconf 89' lang='lat' dir='ltr'><strong>p.</strong></span> <span class='ocrx_word' id='word_1_253' title='bbox 453 3898 495 3968; x_wconf 88' lang='grc'><strong>16)</strong></span> <span class='ocrx_word' id='word_1_254' title='bbox 513 3898 666 3957; x_wconf 78' lang='lat' dir='ltr'><strong>invenimus</strong></span> <span class='ocrx_word' id='word_1_255' title='bbox 684 3903 713 3952; x_wconf 86' lang='lat' dir='ltr'><strong>ct</strong></span> <span class='ocrx_word' id='word_1_256' title='bbox 730 3900 758 3952; x_wconf 91' lang='lat' dir='ltr'><strong>in</strong></span> <span class='ocrx_word' id='word_1_257' title='bbox 775 3899 861 3954; x_wconf 85' lang='lat' dir='ltr'><strong>Paed.</strong></span> <span class='ocrx_word' id='word_1_258' title='bbox 880 3905 909 3954; x_wconf 83' lang='lat' dir='ltr'><strong>ot</strong></span> <span class='ocrx_word' id='word_1_259' title='bbox 930 3902 961 3955; x_wconf 92' lang='lat' dir='ltr'><strong>in</strong></span> <span class='ocrx_word' id='word_1_260' title='bbox 978 3903 1048 3959; x_wconf 86' lang='lat' dir='ltr'><strong>Mus.</strong></span> <span class='ocrx_word' id='word_1_261' title='bbox 1067 3904 1318 3971; x_wconf 76' lang='lat' dir='ltr'><strong>dissertationibus,</strong></span> 
     </span>
     <span class='ocr_line' id='line_1_43' title="bbox 186 3983 1317 4059; baseline 0.008 -23"><span class='ocrx_word' id='word_1_262' title='bbox 186 3999 212 4038; x_wconf 86' lang='grc' dir='ltr'><strong>ν.</strong></span> <span class='ocrx_word' id='word_1_263' title='bbox 230 3983 316 4039; x_wconf 81' lang='lat' dir='ltr'><strong>Clam.</strong></span> <span class='ocrx_word' id='word_1_264' title='bbox 334 3983 372 4052; x_wconf 90' lang='grc' dir='ltr'><strong>ΙΙ,</strong></span> <span class='ocrx_word' id='word_1_265' title='bbox 391 3985 403 4038; x_wconf 98' lang='grc'><strong>1</strong></span> <span class='ocrx_word' id='word_1_266' title='bbox 423 4000 450 4053; x_wconf 89' lang='lat' dir='ltr'><strong>p.</strong></span> <span class='ocrx_word' id='word_1_267' title='bbox 470 3985 519 4038; x_wconf 83' lang='lat'><strong>163</strong></span> <span class='ocrx_word' id='word_1_268' title='bbox 538 3985 571 4038; x_wconf 94' lang='grc' dir='ltr'><strong>Ρ.</strong></span> <span class='ocrx_word' id='word_1_269' title='bbox 594 3986 609 4038; x_wconf 97' lang='grc'>7</span> <span class='ocrx_word' id='word_1_270' title='bbox 633 4000 660 4053; x_wconf 93' lang='lat' dir='ltr'><strong>p.</strong></span> <span class='ocrx_word' id='word_1_271' title='bbox 685 3985 733 4038; x_wconf 93' lang='grc'><strong>167</strong></span> <span class='ocrx_word' id='word_1_272' title='bbox 756 3984 787 4040; x_wconf 91' lang='lat' dir='ltr'><strong>P.</strong></span> <span class='ocrx_word' id='word_1_273' title='bbox 811 3987 827 4040; x_wconf 87' lang='grc'>9</span> <span class='ocrx_word' id='word_1_274' title='bbox 850 4003 876 4056; x_wconf 91' lang='lat' dir='ltr'><strong>p.</strong></span> <span class='ocrx_word' id='word_1_275' title='bbox 903 3988 951 4042; x_wconf 87' lang='grc'><strong>169</strong></span> <span class='ocrx_word' id='word_1_276' title='bbox 975 3986 1006 4041; x_wconf 92' lang='grc' dir='ltr'><strong>Ρ.</strong></span> <span class='ocrx_word' id='word_1_277' title='bbox 1026 3990 1055 4041; x_wconf 95' lang='grc'><strong>11</strong></span> <span class='ocrx_word' id='word_1_278' title='bbox 1076 4005 1102 4059; x_wconf 92' lang='lat' dir='ltr'><strong>p.</strong></span> <span class='ocrx_word' id='word_1_279' title='bbox 1122 3990 1168 4042; x_wconf 93' lang='grc'><strong>171</strong></span> <span class='ocrx_word' id='word_1_280' title='bbox 1188 3989 1220 4042; x_wconf 94' lang='grc' dir='ltr'><strong>Ρ.</strong></span> <span class='ocrx_word' id='word_1_281' title='bbox 1242 3990 1272 4042; x_wconf 88' lang='grc'>18</span> <span class='ocrx_word' id='word_1_282' title='bbox 1289 4006 1317 4059; x_wconf 91' lang='lat' dir='ltr'><strong>p.</strong></span> 
     </span>
     <span class='ocr_line' id='line_1_44' title="bbox 189 4066 1316 4140; baseline 0.006 -19"><span class='ocrx_word' id='word_1_283' title='bbox 189 4066 237 4122; x_wconf 90' lang='grc'><strong>176</strong></span> <span class='ocrx_word' id='word_1_284' title='bbox 255 4067 286 4121; x_wconf 86' lang='grc' dir='ltr'><strong>Ρ.</strong></span> <span class='ocrx_word' id='word_1_285' title='bbox 305 4068 358 4133; x_wconf 88' lang='grc' dir='ltr'>ΙΙΙ,</span> <span class='ocrx_word' id='word_1_286' title='bbox 376 4069 409 4122; x_wconf 82' lang='grc'><strong>37</strong></span> <span class='ocrx_word' id='word_1_287' title='bbox 427 4085 455 4138; x_wconf 89' lang='lat' dir='ltr'><strong>p.</strong></span> <span class='ocrx_word' id='word_1_288' title='bbox 473 4070 523 4123; x_wconf 75' lang='lat'><strong>276</strong></span> <span class='ocrx_word' id='word_1_289' title='bbox 541 4069 582 4134; x_wconf 80' lang='lat' dir='ltr'><strong>P..</strong></span> <span class='ocrx_word' id='word_1_290' title='bbox 601 4071 631 4122; x_wconf 90' lang='lat' dir='ltr'><strong>nt</strong></span> <span class='ocrx_word' id='word_1_291' title='bbox 643 4069 699 4122; x_wconf 86' lang='lat' dir='ltr'><strong>alin</strong></span> <span class='ocrx_word' id='word_1_292' title='bbox 716 4069 855 4138; x_wconf 78' lang='lat' dir='ltr'><strong>omittnm3</strong></span> <span class='ocrx_word' id='word_1_293' title='bbox 874 4071 945 4126; x_wconf 81' lang='lat' dir='ltr'><strong>Mus.</strong></span> <span class='ocrx_word' id='word_1_294' title='bbox 963 4071 1036 4140; x_wconf 89' lang='lat' dir='ltr'><strong>apud</strong></span> <span class='ocrx_word' id='word_1_295' title='bbox 1054 4072 1131 4129; x_wconf 77' lang='lat' dir='ltr'><strong>Stob.</strong></span> <span class='ocrx_word' id='word_1_296' title='bbox 1148 4073 1170 4138; x_wconf 92' lang='lat'><strong>1,</strong></span> <span class='ocrx_word' id='word_1_297' title='bbox 1186 4073 1246 4127; x_wconf 77' lang='grc' dir='ltr'><strong>Ι886.</strong></span> <span class='ocrx_word' id='word_1_298' title='bbox 1266 4075 1316 4128; x_wconf 75' lang='grc'><strong>297</strong></span> 
     </span>
    </p>
   </div>
   <div class='ocr_carea' id='block_1_7' title="bbox 187 4151 719 4223">
    <p class='ocr_par' dir='ltr' id='par_1_8' title="bbox 187 4151 719 4223">
     <span class='ocr_line' id='line_1_45' title="bbox 187 4151 719 4223; baseline 0.002 -15"><span class='ocrx_word' id='word_1_299' title='bbox 187 4152 244 4217; x_wconf 80' lang='lat' dir='ltr'><strong>lv.</strong></span> <span class='ocrx_word' id='word_1_300' title='bbox 259 4153 294 4208; x_wconf 84' lang='grc'><strong>88</strong></span> <span class='ocrx_word' id='word_1_301' title='bbox 311 4151 475 4206; x_wconf 82' lang='lat' dir='ltr'><strong>Nionwland</strong></span> <span class='ocrx_word' id='word_1_302' title='bbox 494 4154 511 4208; x_wconf 88' lang='grc'><strong>1.</strong></span> <span class='ocrx_word' id='word_1_303' title='bbox 530 4169 554 4206; x_wconf 86' lang='lat' dir='ltr'><strong>c.</strong></span> <span class='ocrx_word' id='word_1_304' title='bbox 571 4171 598 4223; x_wconf 93' lang='lat' dir='ltr'><strong>p.</strong></span> <span class='ocrx_word' id='word_1_305' title='bbox 617 4155 658 4208; x_wconf 90' lang='grc'><strong>61.</strong></span> <span class='ocrx_word' id='word_1_306' title='bbox 678 4155 719 4209; x_wconf 78' lang='lat'><strong>62.</strong></span> 
     </span>
    </p>
   </div>
   <div class='ocr_carea' id='block_1_8' title="bbox 0 0 1614 4896">
    <p class='ocr_par' dir='ltr' id='par_1_9' title="bbox 0 0 1614 4896">
     <span class='ocr_line' id='line_1_46' title="bbox 0 0 1614 4896; baseline 0 0"><span class='ocrx_word' id='word_1_307' title='bbox 0 0 1614 4896; x_wconf 95' lang='lat' dir='ltr'><strong> </strong></span> 
     </span>
    </p>
   </div>
  </div>
 </body>
</html>
