3218 4896
653 302 864 366 ..41-

195 487 248 572 ΙΙΙ,
271 489 313 574 30
334 509 365 574 p.
390 491 463 553 271.
497 489 630 556 Romam
654 489 749 555 etiam
774 487 861 553 dnoit
876 487 1035 554 Celtarum
1058 507 1218 554 seruorum
1235 507 1321 554 com-

197 594 382 687 memoratio
403 591 455 675 ΙΙΙ,
478 595 519 656 27
542 612 572 678 p.
596 593 669 657 269.

281 695 416 762 Romani
437 696 532 781 primi
552 715 627 762 saec
649 697 829 780 scriptores,
862 714 934 760 cum
959 695 1198 761 insectabantur
1221 695 1322 775 magis

196 796 292 864 etiam
325 817 418 880 quam
447 797 611 882 oportebat
640 817 716 864 suae
742 799 855 864 aetatis
883 797 967 879 vitia,
996 797 1179 880 aequalibus
1213 795 1322 862 stude·

196 901 272 965 bant
305 918 465 984 opponere
498 899 698 966 innocentiae
727 907 821 984 atque
857 900 1045 982 integritatis
1084 899 1253 983 imaginem
1292 904 1324 963 et

196 1003 342 1084 effigiem.
382 999 471 1068 Hanc
493 1003 553 1070 sibi
567 999 756 1068 ridebantur
769 1003 912 1070 invenire
928 1001 1012 1088 apud
1026 1003 1147 1088 priscos
1163 1000 1322 1066 Romanos

197 1109 231 1169 et
256 1103 341 1189 apud
369 1105 512 1177 nationes
540 1104 693 1188 quasdam
715 1105 810 1186 longe
837 1113 984 1187 remotas,
1007 1125 1138 1189 quarum
1160 1106 1232 1190 ipsa
1253 1103 1323 1170 lon-

196 1206 518 1289 ginquitas-fingendi
545 1207 706 1274 licentiam
735 1207 840 1295 dabat.
886 1207 1023 1290 Summis
1051 1208 1156 1299 igitur*
1176 1205 1323 1273 laudibus

195 1307 273 1372 illud
295 1327 407 1373 aevum
430 1308 596 1391 extollunt,
624 1309 685 1393 qno
713 1309 849 1375 Romani
876 1311 1017 1394 quamvis
1045 1309 1166 1376 nobiles
1188 1310 1250 1394 ipsi
1271 1327 1323 1376 rus

112 1467 115 1474 .
196 1430 286 1476 suum
314 1409 478 1476 fodiebant
503 1418 534 1478 et
560 1411 602 1476 ad
629 1410 733 1477 focum
769 1412 947 1480 coenabant
979 1411 1102 1480 radices
1137 1411 1322 1495 herbasque,
1381 1451 1384 1460 ι

197 1531 257 1594 quo
279 1511 441 1580 incondite
463 1511 606 1580 homines
630 1515 776 1581 vivebant
798 1515 935 1581 fortuitis
959 1516 1107 1596 contenti,

853 1647 874 1672 ν
959 1637 1052 1698 „oum
1073 1616 1188 1700 frigida
1208 1635 1323 1702 paruas

350 1716 520 1784 Praeberet
541 1717 694 1802 spelunca
716 1717 826 1784 domos
849 1719 1017 1802 ignemque
1037 1719 1199 1803 laremque

349 1817 391 1887 Et
412 1839 509 1904 pecus
532 1825 566 1888 et
588 1820 734 1888 dominos
758 1823 916 1889 communi
939 1821 1102 1889 clauderet
1123 1823 1264 1888 umbra.“

939 1923 1022 2008 (dur.
1047 1922 1098 2006 Vl,
1122 1925 1169 2007 4.)

201 2087 203 2090 .
284 2021 350 2090 Nec
369 2025 473 2092 minus
489 2026 675 2109 praedicant
689 2025 806 2091 cultum
823 2027 1001 2109 victumque
1018 2027 1156 2092 ferarum
1172 2028 1323 2109 gentium,

198 2143 275 2208 quas
305 2125 459 2210 putabant
485 2147 525 2192 ex
548 2125 724 2194 Stoicorum
751 2138 922 2212 praecepto
949 2128 1044 2213 plane
1070 2128 1244 2196 secundum
1267 2148 1324 2194 na·

197 2236 299 2292 turam
322 2228 435 2294 uivere.
470 2228 642 2313 Praecipue
666 2227 895 2296 Germanorum
913 2237 944 2294 et
959 2230 1145 2316 Scytharum
1163 2230 1325 2316 exemplar

197 2349 274 2394 suae
297 2331 411 2396 aetatis
434 2333 588 2416 corruptis
611 2332 749 2397 moribus
773 2334 975 2417 opponunt¹).
1020 2331 1086 2402 Iam
1115 2333 1198 2398 hunc
1221 2332 1323 2398 locum

198 2432 293 2496 etiam
323 2430 494 2499 Clementis
521 2441 631 2501 auctor
657 2441 779 2499 tractat.
825 2433 855 2498 Is
885 2437 969 2500 enim
996 2440 1165 2519 postquam
1190 2436 1325 2500 virorum
1398 2453 1400 2456 ·

198 2533 360 2600 mollitiem
388 2537 541 2600 acerrime
569 2537 743 2617 castigavit,
778 2537 927 2621 abreptus
961 2537 1192 2620 indignatione:
1226 2544 1325 2615 ταῦτα,

198 2636 307 2718 inquit,
335 2637 360 2697 οἱ
386 2638 470 2724 σοφοὶ
497 2644 554 2701 τῶν
580 2641 676 2721 νόμων
703 2639 905 2726 ἐπιτρέπουσιν,
935 2630 1041 2714 ἔξεστιν
1070 2643 1163 2713 αὐτοῖς
1191 2645 1326 2732 ἁμαρτεῖν

198 2739 271 2800 κατὰ
299 2743 384 2822 νόμον
406 2739 458 2824 ΙΙΙ,
481 2743 523 2806 22
546 2762 577 2825 p.
600 2743 673 2807 265.
708 2741 800 2818 Quod
822 2764 860 2808 eo
883 2745 1026 2812 acerbius
1042 2744 1163 2813 dictum
1179 2754 1237 2830 est,
1253 2750 1327 2833 qnia

199 2841 292 2908 modo
309 2843 515 2910 exclamauit:
538 2850 591 2929 φεῦ
613 2844 667 2927 τῆς
689 2846 832 2928 τοσαύτης
854 2849 981 2929 ἀνομίας.
1018 2847 1081 2914 Sed
1104 2869 1182 2933 quos
1197 2850 1325 2916 tandem

198 2943 285 3026 leges
311 2964 368 3011 suo
396 2945 463 3013 sale
484 2946 542 3026 ¹bio
569 2947 772 3032 perstringit?
818 2949 851 3014 Si
879 2951 947 3035 quis
970 2951 1092 3017 dubitet
1113 2971 1154 3017 an
1177 2969 1327 3040 romanae

198 3045 285 3128 leges
311 3047 538 3129 significentur,
565 3049 749 3135 prodigatur
775 3053 878 3118 omnis
907 3052 1061 3120 dubitatio
1095 3056 1141 3120 eis
1169 3075 1250 3138 quae
1276 3073 1327 3122 se-

199 3157 334 3233 quuntur
357 3155 376 3232 §
399 3154 457 3217 23:
491 3155 599 3236 &rapat
627 3153 691 3224 rodo
717 3155 855 3226 παλαιοὺς
877 3157 1032 3240 Ῥωμαίων
1062 3159 1248 3241 νομοθέτας·
1277 3161 1325 3222 ἀν-

199 3254 328 3340 δρόγυνον
356 3255 497 3340 ἐμίσησαν
525 3258 697 3343 ἐπιτήδευσιν
722 3261 796 3322 οὗτοι
822 3265 883 3327 eto.
930 3261 1103 3346 Antiquam
1126 3283 1326 3328 romanamm

199 3411 404 3422 -—-—..—

286 3511 306 3576 ¹)
336 3525 360 3565 ν.
389 3511 474 3566 Riese
504 3513 531 3566 in
562 3503 657 3568 subtili
687 3515 927 3580 commentatione,
957 3531 1039 3585 quam
1069 3513 1222 3587 inscripsit:
1259 3518 1326 3583 „Die

199 3596 381 3668 Idealisimng
409 3600 459 3654 der
484 3599 667 3656 Naturvdllrer
693 3601 742 3656 des
770 3601 898 3657 Nordens
925 3602 954 3655 in
980 3603 1029 3656 der
1055 3603 1157 3670 grisoli.
1184 3603 1240 3658 und
1262 3607 1327 3660 rdm.

154 3739 157 3745 ,
199 3683 366 3752 Literatur“‚
384 3685 557 3755 Heidelberg
576 3687 641 3742 1875
659 3705 685 3757 p.
703 3689 734 3741 21
755 3687 817 3754 „die
834 3687 985 3756 Tagenden
1008 3687 1056 3741 der
1074 3689 1197 3758 Slrytben
1220 3689 1327 3743 werden

197 3767 267 3837 jetat
286 3769 324 3823 im
346 3770 504 3825 bonussten
527 3771 701 3840 Gegensatze
724 3789 812 3842 gegen
836 3773 881 3826 die
903 3773 1004 3828 Fehler
1027 3773 1076 3827 des
1100 3774 1198 3842 oignon
1222 3773 1328 3828 Vollres

200 3854 369 3924 gepriesen“,
386 3871 413 3925 p.
432 3857 466 3912 33
492 3856 594 3923 „Diese
612 3860 667 3912 Art
685 3874 737 3913 von
755 3857 913 3929 Sympathie
932 3858 982 3913 mit
1000 3858 1052 3912 den
1071 3859 1226 3912 Germanen
1244 3899 1250 3914 .
1269 3900 1276 3913 .
1296 3899 1302 3913 .
1321 3899 1328 3913 .

199 3939 336 3994 rerbleibt
354 3957 409 3995 nun
428 3941 477 3996 der
494 3946 648 4011 genannten
667 3941 759 3997 Pertei
778 3943 827 4012 (so.
846 3943 1012 4011 Stoicorum)
1031 3943 1160 3998 wthrond
1176 3944 1223 3997 des
1237 3948 1328 3997 ersten

199 4025 425 4091 Jahrhundens‘t
445 4026 479 4080 de
498 4027 621 4082 Senecae
639 4026 713 4082 locis
728 4027 891 4098 quibusdam
908 4045 936 4098 p.
955 4031 989 4082 34
1007 4028 1091 4093 „Man
1110 4029 1227 4082 erkennt
1243 4029 1330 4082 leioht

200 4109 246 4162 die
265 4110 396 4165 Vorliebe
415 4111 464 4166 des
483 4111 616 4178 Stellam,
635 4114 684 4167 der
700 4105 729 4167 in
752 4115 885 4168 manchon
903 4113 1013 4182 Dingen
1032 4155 1039 4168 .
1057 4156 1063 4169 .
1083 4155 1090 4169 .
1108 4155 1115 4168 .
1133 4115 1162 4167 in
1179 4113 1242 4166 dem
1260 4114 1329 4168 Ger-

201 4211 297 4248 manen
316 4197 411 4250 seincn
430 4198 569 4252 stoischen
588 4197 853 4254 Normalmenschen
871 4215 905 4252 an
923 4199 1015 4253 finden
1033 4200 1166 4253 soheint“.
