3218 4896
654 285 867 348 „59-

196 491 266 534 cum
290 471 430 553 neglegit
452 471 574 554 (Leben
599 470 663 536 und
687 471 843 537 Schriften
873 471 930 536 des
953 471 999 536 Pl.
1024 470 1046 554 Ι,
1073 471 1158 554 187),
1186 470 1327 537 ostendit

196 593 229 638 se
245 593 307 637 non
323 574 499 657 inspexisse
512 573 717 640 Clementem.
752 572 926 656 Quaeritur,
943 593 1003 656 quo
1020 571 1113 640 modo
1129 573 1325 657 explicemus

196 675 279 740 hunc
302 695 500 742 eonsensum.
547 677 649 759 Atque
672 674 868 740 Clementem
892 675 1018 759 quidem
1047 695 1111 741 nou
1139 674 1280 759 pendere
1308 695 1327 740 a

195 777 277 843 Plut.
318 785 437 844 certum
472 785 529 860 est,
557 798 638 843 cum
676 779 722 844 eis
756 798 834 862 quos
867 779 936 862 ipse
970 779 1151 863 comparari
1185 783 1216 842 et
1250 797 1326 860 qnos

195 879 383 946 Doehnerus
407 881 539 948 eontulit
564 880 653 961 locis,
681 880 773 964 plura
794 880 962 947 Plutarcho
988 881 1140 966 praebeat
1166 899 1267 964 neque
1294 881 1326 943 in

196 982 294 1066 ipsius
316 984 444 1066 ingenio
467 992 545 1049 orta.
591 982 682 1060 Quod
704 977 946 1050 ut'Doehnerus
969 984 1145 1050 rectissime
1160 982 1327 1062 intellexit,

196 1085 243 1150 ita
263 1086 296 1149 in
319 1086 415 1150 alium
448 1107 585 1152 errorem
614 1085 725 1151 incidit
752 1106 815 1151 non
843 1087 947 1153 minus
973 1086 1188 1171 conspicuum.
1234 1083 1328 1149 Putat

197 1188 280 1252 enirn
303 1187 418 1254 librum
440 1188 488 1254 De
511 1208 619 1254 amore
641 1188 749 1273 prolis,
773 1188 874 1272 qualis
897 1190 987 1254 nobis
1009 1187 1142 1253 traditus
1172 1191 1231 1268 ast,
1259 1187 1326 1270 epi-

196 1292 361 1356 tomatoris
385 1311 463 1376 opus
486 1311 556 1358 esse
579 1292 610 1355 in
634 1291 766 1356 frustula
786 1291 983 1358 consedentis
999 1291 1185 1376 ampliorem
1201 1288 1327 1368 librum,

198 1390 390 1473 „Clementis
428 1395 599 1460 memoriae
636 1395 836 1460 obversatum
873 1413 943 1460 esse
976 1413 1159 1476 germanum
1194 1392 1327 1457 fortasse

196 1493 299 1560 adhuc
322 1501 354 1560 et
375 1497 530 1577 integrum
554 1496 714 1562 Plutarchi
741 1495 875 1562 libmm“
906 1496 952 1580 (p.
981 1497 1031 1560 36.
1060 1495 1125 1579 32).
1171 1493 1325 1577 Equidem

196 1598 255 1663 etsi
278 1604 385 1681 partes
408 1597 561 1681 quasdam
584 1599 706 1683 perisse
729 1598 880 1682 concedo,
896 1618 978 1682 quae
993 1605 1118 1666 servata
1133 1604 1205 1664 sunt
1221 1599 1329 1680 capita

196 1701 319 1782 integra
341 1707 373 1764 et
395 1701 435 1766 ab
457 1701 527 1784 ipso
543 1700 622 1766 Plut.
646 1702 691 1766 ita
711 1703 890 1786 conscripta
905 1701 1078 1787 spondeam
1096 1700 1138 1784 (v.
1146 1699 1325 1766 Volkmann

195 1801 217 1866 l.
230 1804 279 1881 a).
303 1802 418 1886 Spreta
429 1801 587 1868 Doehneri
602 1803 751 1888 opinione
765 1810 873 1884 restat,
889 1811 923 1868 ut
938 1810 1112 1869 statuamus
1124 1801 1326 1867 Plutarchum

197 1911 229 1969 et
266 1903 461 1970 Clementem
493 1905 533 1971 ab
567 1905 678 1971 eodem
713 1912 840 1972 auctore
868 1906 1012 1972 Musonio
1046 1903 1195 1989 pendere.
1241 1903 1328 1980 Quae

198 2008 377 2073 coniectura
399 2027 510 2073 omnes
532 2007 763 2091 probabilitatis
785 2028 932 2074 numeros
955 2009 1024 2073 fert.
1056 2006 1197 2072 Offendit
1218 2006 1325 2072 Doch-

197 2129 291 2176 nerus
306 2111 339 2175 in
355 2109 481 2175 dicendi
496 2129 612 2191 genere
627 2109 725 2175 libelli
743 2109 802 2192 ‚De
819 2130 926 2176 amore
937 2111 1062 2195 prolis‘3
1080 2110 1326 2176 cumulationem

197 2212 373 2296 verborum,
400 2210 537 2277 studium
564 2213 788 2295 exquisitorum
822 2219 915 2297 atque
942 2214 1141 2298 poeticarum
1168 2231 1278 2277 vocum
1308 2232 1328 2275 a

194 2312 275 2380 Plut.
299 2314 437 2380 alienum
460 2333 530 2379 esse
553 2313 638 2380 dicit.
673 2313 736 2384 Sed
759 2314 838 2381 haec
860 2317 988 2400 propria
1010 2322 1083 2382 sunt
1105 2315 1249 2380 Musonii.
1286 2313 1326 2379 Et

195 2415 400 2483 Musonianae
412 2418 555 2483 notiones
569 2417 654 2484 velut
664 2419 747 2505 χρεία
757 2418 1067 2503 pertotumlibellum
1079 2415 1325 2500 inveniuntur.¹)

195 2519 339 2603 Denique
367 2518 400 2583 id
431 2528 649 2602 argumentum
684 2522 831 2604 afferam,
866 2541 926 2604 quo
960 2541 1010 2588 res
1044 2521 1157 2587 confici
1191 2519 1324 2586 videtur.

196 2621 276 2688 Plut.
301 2625 364 2688 o.3
387 2622 454 2709 ἔχει,
477 2624 587 2706 inquit,
611 2623 669 2706 (sc.
693 2624 820 2709 natura)
843 2627 1111 2713 παρεσκευασμένας
1126 2626 1181 2687 οἷον
1204 2623 1326 2706 ἐγγείους

196 2728 273 2796 τινάς
295 2731 402 2813 κρήνας
424 2734 550 2811 νάματος
572 2728 746 2815 ἐπιρρέοντος
768 2738 800 2794 et
822 2731 967 2796 similiter
988 2731 1021 2794 in
1044 2731 1097 2794 vit.
1121 2729 1212 2795 Aem.
1238 2731 1279 2793 14
1301 2729 1326 2790 οἱ

197 2831 299 2912 μαστοὶ
324 2839 382 2893 τῶν
409 2840 545 2916 γυναικῶν
573 2834 625 2920 οὐχ
653 2834 748 2922 ὥσπερ
776 2838 872 2917 ἀγγεῖα
898 2834 1018 2920 πλήρεις
1051 2833 1118 2895 εἰσὶν
1153 2833 1326 2920 ἐπορμέοντας

198 2935 309 3018 ἑτοίμου
332 2938 484 3019 γάλακτος,
509 2939 589 3001 άλλοὶ
613 2939 844 3022 μεταβάλλοντες
867 2939 918 3022 τὴν
941 2938 1050 3025 τροφὴν
1073 2939 1103 3000 ἐν
1127 2933 1220 3008 αὑτοῖς
1243 2939 1324 3026 ἐργά-

198 3045 296 3110 ζονται
322 3043 398 3124 γάλα
425 3045 472 3106 καὶ
504 3045 656 3127 διηθοῦσιν.
703 3042 942 3128 Comparandus
969 3048 1020 3109 est
1047 3042 1144 3108 Clem.
1173 3041 1195 3124 Ι,
1223 3046 1262 3106 41
1293 3044 1325 3105 οὐ

197 3148 250 3232 γάρ
273 3146 314 3217 ὡς
337 3148 365 3208 αἱ
387 3149 474 3231 πηγαὶ
495 3150 613 3236 πλήρεις
636 3149 702 3211 εἰσὶν
726 3149 751 3210 υἱ
773 3147 875 3229 μαστοὶ
890 3147 1076 3233 ἐπειςρέοντος
1091 3146 1201 3228 ἑτοίμου
1216 3147 1325 3229 γάλακ-

197 3273 255 3327 τος,
285 3253 364 3342 ἀλλά
392 3254 622 3337 μεταβάλλοντες
648 3254 701 3337 τὴν
728 3253 837 3341 τροφὴν
865 3253 894 3315 ἐν
921 3252 1030 3321 ἑαυτοῖς
1058 3251 1225 3338 ἐργάζονται
1247 3254 1323 3336 γάλα

198 3356 245 3418 καὶ
267 3357 446 3420 διαπνὲουσιν.
492 3358 525 3422 Si
552 3359 699 3424 Clemens
728 3357 881 3442 penderet
903 3377 923 3421 e
945 3356 1036 3438 Plut.,
1063 3355 1115 3421 hie
1141 3357 1325 3424 statuendus

199 3467 284 3526 esset
309 3480 372 3527 non
399 3461 500 3528 solum
528 3461 718 3546 compilasse
745 3460 859 3525 librum
891 3459 951 3542 ,De
982 3478 1089 3524 amore
1115 3459 1234 3545 prolis‘,
1268 3459 1327 3526 sed

199 3563 293 3628 etiam
318 3563 491 3630 adscivisse
513 3564 609 3628 vitam
638 3563 775 3644 Aemilii,
802 3583 842 3627 ex
869 3567 1001 3645 utroque
1028 3561 1108 3628 libro
1142 3564 1325 3648 sumpsisse,

200 3685 279 3748 quae
302 3666 474 3750 placerent.
509 3665 633 3742 Quanto
655 3665 848 3751 probabilius
865 3671 913 3731 est
929 3667 1015 3730 varie
1032 3665 1166 3732 eundem
1191 3666 1325 3732 Musonii

198 3766 314 3850 locum,
337 3790 429 3852 quem
452 3768 613 3834 transtulit
636 3767 793 3850 Clemens,
815 3787 835 3833 a
857 3766 936 3833 Plut.
961 3765 1137 3834 adhibitum
1161 3788 1239 3834 esse.

285 3937 304 4005 ¹)
323 3954 347 3993 e.
365 3939 381 3992 2
401 3935 465 3990 ἄνευ
482 3937 585 4006 χρείας,
603 3935 650 3990 ἐπὶ
667 3937 781 4006 χρείαις,
800 3937 872 3999 3τῆς
883 3936 979 4007 χρείας
991 3931 1161 4004 προσωτέρω,
1175 3936 1328 4006 περίττωμα

197 4024 241 4086 τῆς
258 4023 361 4091 χρείας,
379 4023 447 4092 πρὸς
465 4020 561 4092 ἑτέραν
579 4065 585 4078 .
603 4065 610 4077 .
629 4012 774 4092 ..χρείαν,
794 4016 825 4074 αὖ
837 4022 937 4092 χρείαν
955 4015 1021 4072 ἄλλοί
1039 4021 1135 4089 φιλίαν
1152 4023 1168 4073 4
1186 4020 1327 4091 χρήσιμον,

198 4109 280 4161 τίνων
298 4111 380 4162 ταῦτα
397 4111 508 4179 μισθῶν
525 4107 541 4172 ἢ
558 4110 672 4178 χρειῶν,-
690 4108 723 4161 ci.
737 4108 821 4161 etiam
839 4107 909 4161 Plut.
927 4107 981 4175 ep.
993 4107 1044 4160 493
1056 4107 1089 4161 F.
1108 4103 1171 4177 ἰδίῳ
1189 4104 1221 4158 δὲ
1237 4105 1328 4178 κόσμῳ

199 4194 320 4262 σώματος
339 4189 525 4263 ἄχαλλόμενον
542 4194 583 4248 el.
604 4194 653 4256 ΙΙΙ,
667 4197 695 4247 ΙΙ
716 4211 742 4262 p.
761 4194 821 4258 258,
840 4207 863 4246 e.
881 4194 897 4245 3
916 4207 933 4259 p
951 4192 1002 4244 495
1021 4191 1046 4242 D
1065 4191 1106 4245 el.
1125 4191 1161 4256 ΙΙ,
1172 4193 1201 4244 51
1223 4208 1249 4260 p.
1271 4193 1327 4246 199.
