3218 4896
750 243 965 306 „53-

295 429 413 495 Omitto
441 450 512 494 eam
539 449 609 495 esse
638 429 723 513 apud
751 429 850 496 Olem.
878 431 991 496 seriem
1025 436 1119 513 atque
1153 431 1421 497 continuationem

293 534 534 613 sententiarum,
558 539 592 597 ut
618 551 729 598 omnes
756 533 837 598 inter
864 552 899 600 se
927 541 1021 617 aptae
1054 533 1282 617 colligataeque
1316 541 1348 598 et
1380 532 1423 598 ad

293 634 428 700 eundem
445 641 607 701 auctorem
623 633 809 700 referendae
824 654 895 700 esse
911 634 1084 700 videantur.
1123 632 1203 700 Nolo
1220 635 1421 717 contendere,

293 738 320 802 si
343 757 382 802 ex
405 735 485 802 Plut.
510 737 675 818 hausisset,
699 736 895 803 Clementem
917 738 962 802 ita
984 736 1124 804 diversos
1146 739 1214 804 eius
1235 737 1322 805 locos
1345 757 1421 804 eon-

292 841 489 905 oiunaturum
514 840 621 922 fuisse,
644 844 678 904 ut
700 838 775 904 mihi
800 839 925 923 quidem
949 841 1050 922 magis
1073 841 1215 926 placeret
1235 860 1328 924 quam
1352 841 1421 925 ipse

292 941 373 1007 Plut.
398 941 533 1006 Dicendi
555 961 654 1023 genus
677 940 849 1008 videamus.
884 941 1039 1026 Equidem
1059 943 1144 1028 apud
1166 942 1264 1008 Glem.
1283 963 1420 1024 agnosco

292 1044 445 1126 grandem
467 1051 500 1111 et
522 1045 639 1110 elatam
660 1043 796 1110 Musonii
819 1045 1004 1128 orationem,
1026 1047 1197 1130 praecipue
1218 1045 1302 1110 illius
1325 1047 1420 1111 aucu-

291 1149 377 1232 pium
401 1147 601 1214 insolentium
626 1153 658 1212 et
679 1147 875 1232 poeticarum
898 1167 1020 1231 vocum,
1043 1148 1151 1232 quales
1167 1155 1240 1214 eunt
1262 1149 1419 1236 ὠκύπτερα,

290 1258 458 1338 τρυφητικα,
471 1253 664 1339 πυρούμενοι,
676 1253 850 1338 εγκσφίγγιυν.
879 1251 997 1319 Contra
1006 1251 1087 1318 Plut.
1099 1251 1235 1320 Musonii
1246 1255 1419 1320 orationem

292 1357 469 1422 suaviorem
493 1363 525 1422 et
547 1354 722 1422 molliorem
744 1355 877 1421 reddere
900 1353 1027 1421 studuit.
1072 1353 1182 1440 ltaque
1203 1356 1299 1441 plane
1315 1359 1422 1424 omisit

290 1460 483 1546 πτερυίιμεναι,
507 1479 570 1524 non
597 1460 755 1546 τρυφητικοί
783 1463 878 1544 atquc
906 1460 1068 1546 εμισφίγγειν
1097 1457 1186 1540 dixit,
1220 1458 1279 1526 scd
1311 1463 1420 1549 τρυφὰς

291 1565 457 1646 ἐμποιοῦντα
485 1570 518 1630 et
544 1569 679 1647 συνάγειν.
715 1562 796 1629 Νιιιιι
824 1569 928 1648 potest
954 1562 1083 1656 dubium
1112 1582 1192 1644 esse,
1226 1565 1301 1647 quin
1334 1565 1420 1650 apud

292 1668 391 1734 Olem.
424 1675 587 1734 teneamus
619 1669 828 1747 inventorem,
854 1664 941 1750 apud
967 1663 1050 1730 Plut.
1078 1666 1289 1732 imitatorem?
1323 1666 1420 1734 Porro

290 1772 455 1856 aptissime
490 1769 664 1837 Clementis
698 1775 807 1835 auctor
839 1768 942 1852 ipsam
976 1767 1140 1834 mulierem
1174 1788 1269 1835 aureo
1306 1776 1420 1836 ornatu

290 1882 446 1956 onustam,
474 1874 611 1959 ineptius
633 1871 715 1938 Plut.
744 1871 891 1938 maritum
920 1871 988 1937 eius
1015 1889 1086 1935 oum
1113 1871 1218 1938 vincto
1246 1879 1418 1958 comparat.

290 1978 382 2044 Haud
405 1977 628 2048 infirmioribus
650 1976 844 2058 argumentis
866 1972 948 2039 Plut.
970 1974 1003 2039 in
1018 1972 1097 2040 libro
1114 1971 1173 2055 ‚De
1188 1994 1296 2040 amore
1311 1976 1419 2060 prolis‘

289 2080 469 2146 Musonium
507 2078 697 2163 compilasse
731 2079 879 2161 arguitur.
930 2075 1078 2153 Queritur
1111 2074 1192 2141 Plut.
1224 2077 1296 2144 libri
1330 2079 1418 2145 initio

290 2183 371 2249 adeo
394 2182 560 2248 aberrasse
582 2180 726 2247 homines
749 2200 769 2245 a
790 2187 922 2245 naturae
943 2179 1146 2263 simplicitate
1169 2179 1223 2263 (ci.
1241 2179 1286 2245 Ol.
1308 2179 1361 2264 ΙΙΙ,
1377 2184 1418 2246 21

289 2306 319 2370 p.
343 2283 433 2368 264),
457 2291 491 2350 ut
513 2283 701 2368 philosophi,
725 2283 751 2348 si
779 2282 879 2348 uelint
904 2279 1044 2346 iudicare
1071 2280 1146 2365 quid
1178 2290 1311 2350 naturae
1343 2303 1418 2350 oon·

289 2394 475 2455 sentaueum
496 2388 547 2468 sit,
563 2385 605 2452 ad
621 2386 781 2452 beluarum
797 2385 901 2469 potius
917 2382 1175 2450 consuetudinem
1193 2392 1225 2450 et
1239 2387 1418 2471 exemplum

290 2490 428 2556 debeant
460 2508 641 2574 provocare.
686 2486 777 2565 Quod
810 2485 988 2552 Musonium
1022 2486 1127 2550 lacere
1160 2486 1262 2554 solere
1294 2490 1418 2556 ostendi

288 2615 319 2678 p.
343 2594 396 2674 25,
419 2599 452 2656 et
473 2589 557 2656 hunc
579 2590 778 2675 potissimum
800 2590 904 2655 notari
926 2588 1078 2673 probatur
1104 2590 1266 2673 proximis.
1311 2591 1417 2674 Bruta,

288 2696 399 2780 inquit,
421 2694 472 2757 οὐκ
495 2696 626 2777 ἀναμένει
647 2696 752 2776 νόμους
772 2694 891 2776 ἀγαμίου
918 2692 965 2755 καί
992 2693 1138 2776 ὀψιγαμίου
1162 2692 1326 2773 (Doehnsr
1347 2695 1366 2760 l.
1390 2716 1416 2764 e.

288 2821 318 2885 p.
342 2799 398 2884 27)
420 2801 551 2886 καθάπερ
575 2800 600 2861 oi
622 2799 784 2886 Λυκούργου
811 2798 922 2860 πολῖται
947 2797 995 2860 καί
1021 2795 1156 2866 Zaleucus
1179 2796 1219 2862 cl.
1243 2796 1355 2863 Strom.
1379 2797 1416 2881 ll,

290 2906 349 2968 141
374 2905 474 2968 αὐτίκα
497 2907 511 2968 ὁ
535 2911 592 2969 τῖον
607 2905 755 2968 Λακώνων
778 2904 939 2986 νομοθέτης
961 2902 1012 2965 οὐκ
1035 2905 1155 2985 ἀγαμίου
1178 2905 1262 2985 μόνον
1286 2901 1416 2985 ἐπιτίμιον

288 3009 417 3093 ἔστησεν,
437 3010 517 3073 ἀλλὰ
532 3011 705 3092 κακογαμίου
716 3009 763 3071 καί
775 3009 921 3094 ὀψιγαμίου
931 3008 978 3070 καί
989 3009 1212 3092 μονοδιαιτιγσίας
1222 3007 1315 3089 mlv).
1338 3004 1417 3074 Tum

288 3114 399 3180 beluas
414 3113 490 3180 dicit
504 3134 567 3180 non
583 3114 722 3198 quolibet
736 3121 879 3199 tempore
894 3113 1018 3178 misceri
1030 3111 1155 3193 (Strom.
1171 3111 1209 3194 ΙΙ,
1223 3112 1299 3196 139)
1315 3131 1417 3195 neque

288 3216 467 3302 voluptatis,
490 3216 548 3283 sed
570 3218 695 3300 generis
717 3213 915 3300 propagandi
938 3213 1036 3281 causa
1057 3215 1101 3299 (p.
1125 3214 1177 3296 31,
1198 3215 1264 3299 32),
1281 3213 1416 3297 denique

287 3319 443 3385 excellere
474 3320 571 3406 prolis
605 3338 721 3384 amore.
767 3317 866 3396 Quem
900 3317 1079 3382 hominibus
1113 3317 1214 3400 magis
1248 3317 1416 3382 convenire

287 3421 451 3506 profitetur
473 3442 508 3488 se
530 3422 733 3507 probaturum
757 3438 828 3486 esse
850 3420 941 3486 lactis
963 3419 1079 3507 ἐργασίᾳ
1101 3426 1134 3484 et
1155 3421 1298 3503 οἰκονομίᾳ
1321 3421 1364 3503 (e.
1385 3421 1416 3501 3,

287 3522 400 3588 eadem
423 3525 577 3590 vocabula
599 3528 725 3590 exstant
747 3521 843 3588 Paed.
859 3521 883 3607 1,
897 3526 937 3587 41
961 3544 993 3609 p.
1012 3525 1084 3605 122,
1098 3525 1141 3588 45
1159 3543 1190 3608 p.
1209 3524 1292 3602 124).
1330 3521 1416 3598 Quae

287 3632 459 3710 sequuntur
482 3627 568 3711 apud
590 3625 682 3707 Plut,
705 3626 768 3689 iam
791 3624 976 3691 Doehnerus
1000 3626 1033 3709 (l.
1063 3645 1089 3690 e.
1117 3646 1147 3710 p.
1177 3626 1229 3708 36,
1264 3647 1290 3690 v.
1320 3625 1415 3690 etiarn

287 3751 318 3815 p.
342 3732 393 3794 55.
418 3727 474 3813 59)
498 3728 630 3796 contulit
651 3747 723 3793 cum
745 3725 842 3793 Paed.
866 3726 889 3811 1,
913 3730 954 3792 39
980 3741 1012 3814 p'.
1041 3731 1101 3793 121
1130 3749 1177 3812 sq.
1204 3727 1340 3810 insignis
1368 3734 1417 3792 est

243 3921 244 3926 γ
287 3852 460 3899 consensus
495 3838 527 3897 et
559 3831 786 3898 sententiarum
813 3837 846 3896 et
873 3831 1052 3913 verborum3
1081 3851 1173 3914 quem
1198 3829 1415 3896 Volkmaunus

287 3979 492 3990 ——-—

373 4054 393 4122 ι)
412 4054 492 4107 Haeo
513 4069 531 4106 a
552 4053 649 4108 Stoico
672 4053 775 4124 scripta
799 4069 861 4107 esse
884 4055 1075 4123 comprobatur
1097 4052 1237 4106 Aristonis
1260 4051 1321 4107 (llrii
1344 4050 1415 4119 frag-

287 4141 377 4192 mento
397 4138 484 4208 (Stob.
502 4139 537 4190 tit
554 4141 596 4204 67,
616 4140 667 4199 16).
