3218 4896
747 242 958 304 ...64-

237 420 264 481 1.
289 417 420 480 Πλούτου
446 422 535 484 τοίνυν
562 428 758 510 μεταληπτέον
790 419 948 514 ἀξιολόγως
979 431 1026 493 καὶ
1053 431 1220 514 μεταδοτέον
1250 431 1420 516 φιλανθρώ-

290 545 359 598 ποις,
387 524 418 586 ου
446 525 595 608 βαναύσως
617 531 681 594 οὐδέ
705 535 895 612 ἀλαζονικάις,
924 536 987 600 οὐδέ
1014 536 1178 624 ἐκτρέπτέον
1205 537 1236 598 τό
1261 535 1421 622 φιλόκαλον

291 629 330 697 εἰς
366 631 514 715 φιλαυτίαν
556 637 602 698 καί
644 641 857 726 ἀπειροκαλίαν,
905 646 945 726 μή
984 665 1024 724 πη
1064 645 1119 729 ἄρα
1153 642 1199 704 καί
1232 641 1303 728 πρὸς
1342 641 1422 723 ἡμᾶς

291 738 373 819 φήσγγ
406 757 467 806 τις·
496 739 510 800 ὁ
537 740 619 811 ἵππος
652 744 737 808 αὐτοῦ
770 749 969 810 πεντεκαίδεκα
1002 749 1151 812 ταλάντων
1185 747 1259 810 ἐστίν
1293 736 1372 820 ἄξιος
1400 748 1420 829 ἢ

237 840 266 900 5.
290 839 322 901 τό
355 843 459 928 χωρίον
494 845 513 926 ἡ
548 847 562 907 ὁ
596 849 707 932 οἰκέτης
740 853 760 935 ἢ
792 853 826 914 τό
858 855 980 939 χρυσίον,
1016 853 1101 923 αὐτὸς
1133 852 1164 916 δέ
1197 854 1315 939 χαλκῶν
1347 853 1420 914 ἐστιν

269 945 322 1006 ,od
355 948 517 1035 τιμιώτερος
549 959 640 1038 τριῶν.
677 955 775 1020 αὐτίκα
809 958 856 1020 οίιν
890 959 1001 1045 περίελε
1034 960 1082 1021 τόν
1105 963 1211 1042 κόσμον
1244 965 1301 1020 τάιν
1328 981 1419 1040 γυναι-

289 1057 347 1112 κῶν
384 1053 431 1115 καί
462 1053 528 1123 τοὺς
565 1058 676 1128 οἰκέτας
712 1067 769 1123 τῶν
805 1063 948 1126 δεσποτῶν
977 1085 984 1098 ’
1022 1063 1101 1126 οὐδὲν
1142 1065 1327 1150 διαφέροντας
1362 1069 1420 1124 τῖον

291 1159 496 1244 ἀργυρωνήτων
538 1161 666 1249 εὑρήσεις
705 1165 771 1237 τοίις
811 1169 958 1244 δεσπότας,
1002 1169 1052 1232 ουκ
1093 1170 1122 1232 ἐν
1163 1169 1326 1252 βαδίσματι,
1370 1167 1422 1230 οὐκ

291 1263 320 1323 ἐν
358 1261 508 1347 βλέμματι,
548 1267 598 1330 οὐκ
637 1269 667 1332 έν
705 1274 856 1358 φθέγματι.
897 1275 988 1344 οὕτως
1025 1277 1114 1337 τοίνυν
1151 1282 1209 1343 τοῖς
1242 1275 1423 1360 ἀνδραπόδοις

218 1368 265 1430 10.
290 1367 420 1430 ἐοίκασιν.
451 1371 531 1433 ἀλλά
557 1373 603 1435 καίΙ
630 1375 671 1461 τῴ
698 1379 894 1467 ἀσθενέστεροι
922 1380 990 1442 εἶναι
1016 1386 1072 1442 τίον
1102 1381 1218 1442 οίκετάιν
1239 1381 1422 1465 διακρίνονται

290 1472 337 1532 καί
358 1479 400 1557 τῷ
421 1477 610 1565 νοσηλότερον
633 1483 854 1570 ἀνατετράφθαι.
880 1489 991 1572 ἄριστον
1005 1492 1070 1568 γοῦν
1085 1487 1233 1567 δογμάτων
1248 1491 1329 1546 τοῦτο
1346 1482 1422 1566 ᾄδειν

290 1575 368 1662 παρ’
390 1577 497 1642 ἕκαστα
519 1587 586 1668 χρή,
611 1585 651 1655 ὡς
674 1589 688 1649 ό
712 1587 762 1670 μέν
790 1591 899 1672 ἀγαθός
926 1589 998 1677 ἀνὴρ
1026 1593 1150 1677 σώφρων
1178 1591 1218 1651 ὢν
1245 1590 1292 1651 καί
1318 1590 1423 1658 δίκαιος

292 1677 335 1745 [ἐν
352 1675 460 1752 οὐρανῷ
478 1687 634 1754 θησαυρίζει
651 1688 683 1740 πί
700 1690 834 1759 χρήματα.
859 1686 932 1752 οὗτος
951 1691 965 1744 ὅ
982 1692 1014 1744 roi
1032 1691 1140 1762 ἐπίγεια
1162 1691 1353 1754 καταπωλήσας
1375 1689 1423 1742 καί

288 1771 405 1833 πτωχοῖς
417 1765 525 1828 ἐπιόοός
538 1771 583 1822 τόν
596 1768 755 1845 ἀνώλεθρον
766 1773 911 1847 ἐξευρίσκει
923 1778 1069 1848 θησαυρόν,
1083 1777 1154 1831 ἔνθα
1166 1774 1197 1831 ού
1210 1777 1263 1843 σός,
1277 1773 1308 1830 οὔ
1321 1775 1422 1844 ληστός]

216 1862 264 1924 15,
289 1859 426 1939 μακοίριος
442 1863 534 1945 [οὗτος]
557 1862 655 1938 ὅντως,
678 1863 743 1945 (έάν
763 1887 794 1928 τε
811 1868 899 1949 μέγας
918 1867 965 1928 καὶ
984 1865 1112 1953 ἰσχυρός)
1134 1867 1183 1928 έάν
1199 1889 1230 1928 τε
1246 1867 1361 1952 σμικρός
1375 1865 1424 1927 καί

290 1959 417 2042 ἀσθενὴς
439 1961 485 2022 καί
508 1953 611 2036 ἄδοξος
632 1965 664 2048 ᾗ,
689 1969 735 2030 καί
757 1971 879 2032 πλοῦτον
902 1973 991 2041 ὄντως
1013 1973 1127 2034 πλουτεῖ
1142 1973 1189 2034 τόν
1205 1973 1347 2054 μέγιστον·
1372 1970 1422 2032 έάν

289 2061 320 2123 δέ
342 2066 399 2150 ἄρα
419 2065 533 2149 πλουτῇ
560 2068 611 2151 μέν
638 2071 743 2159 Κινύρα
769 2096 800 2136 τε
826 2076 873 2138 καί
900 2077 979 2140 Μίδα
1006 2077 1129 2159 μᾶλλον,
1153 2077 1174 2159 η
1202 2075 1232 2139 δὲ
1260 2077 1354 2144 ἀδικος
1375 2075 1423 2136 καὶ

290 2165 478 2254 ὑπερήφανος,
508 2189 645 2261 [καθάπερ
672 2189 686 2243 ὃ
713 2190 744 2246 ἐν
770 2196 802 2263 τῇ
827 2195 959 2265 πορφύρᾳ
985 2194 1032 2248 καί
1057 2196 1146 2266 βύσσῳ
1173 2197 1287 2266 τρυφῶν
1308 2194 1354 2247 καὶ
1376 2193 1423 2246 τόν

289 2286 419 2356 Λοίζαρσν
441 2288 636 2365 ἀπερηφαναίν]
656 2281 758 2351 ἄθλιός
779 2285 810 2345 τὲ
833 2284 890 2346 ἐστι
912 2285 959 2346 καί
975 2287 1096 2371 ἀνιαρῶς
1119 2287 1163 2366 Q]
1187 2292 1286 2367 [καὶού
1299 2296 1419 2364 ζήσεται].

215 2370 265 2433 20.
290 2375 331 2436 35
355 2375 470 2440 ἐοικέναι
492 2388 556 2463 γοῦν
580 2406 625 2466 μοι
647 2385 722 2448 δοκεῖ
744 2389 758 2449 ὁ
781 2389 903 2458 πλοῦτος
926 2388 1043 2476 ἑρπετῷ,
1067 2391 1098 2452 οὐ
1115 2391 1138 2451 εἰ
1153 2392 1193 2473 μή
1216 2408 1257 2456 τις
1279 2387 1421 2448 ἐπίσταται

289 2507 494 2521 ἣξ-

291 2595 441 2654 Minoribus
459 2605 547 2659 scribo
568 2607 668 2663 littoris
687 2627 756 2679 quae
775 2613 833 2681 ipse
853 2611 938 2666 Clam.
957 2611 1064 2664 addidit
1076 2611 1119 2664 val
1138 2611 1258 2665 mutavit
1274 2641 1305 2648 —
1320 2609 1421 2663 Proba·

289 2697 371 2750 bilius
389 2687 506 2742 fortasse
524 2705 604 2757 quam
624 2711 681 2749 voc.
701 2697 784 2764 σοφὸς
804 2700 846 2749 est
863 2696 1008 2754 σπουδαῖος
1026 2697 1070 2750 vel
1091 2690 1204 2764 ἀγαθός.

239 2783 266 2836 2.
290 2783 323 2835 ἀο
343 2783 510 2837 liberalitate
530 2801 553 2837 v.
574 2783 629 2836 oia.
649 2783 690 2834 Do
710 2782 756 2835 off.
777 2783 796 2846 Ι,
815 2784 917 2835 42-58
937 2782 999 2836 San.
1019 2782 1090 2836 Dial.
1110 2783 1176 2846 Vll,
1195 2783 1306 2836 nr-ass.

238 2867 266 2921 4.
291 2869 323 2922 cl.
338 2869 376 2931 ΙΙ,
398 2869 445 2921 115
464 2885 490 2937 p.
509 2869 567 2920 239.
586 2868 657 2920 Mus.
676 2867 747 2937 apud
767 2867 843 2920 Stob.
862 2867 883 2930 Ι,
894 2868 926 2920 nt
946 2867 1009 2921 Sen.
1029 2868 1102 2936 epist
1120 2869 1143 2932 5,
1163 2869 1186 2922 6.

192 2953 218 3006 8.
238 2954 264 3007 9.
289 2953 324 3006 cl.
343 2954 394 3016 ΙΙΙ,
405 2953 438 3006 68
456 2970 483 3020 p.
502 2952 551 3004 293
571 2952 622 3014 ΙΙΙ,
633 2954 665 3005 59
684 2969 708 3022 ρ
729 2953 788 3006 283.
824 2952 935 3004 Debent
953 2952 994 3004 his
1014 2952 1047 3028 de
1066 2953 1147 3004 rebus
1164 2955 1316 3021 praecepta
1328 2951 1420 3014 Stoici,

290 3038 387 3106 quibus
412 3055 445 3090 ne
469 3038 585 3104 digitum
609 3038 718 3105 qnidam
743 3037 794 3104 (Ol.
815 3037 849 3102 ΙΙ,
860 3038 894 3090 90
916 3055 943 3107 p.
962 3039 1022 3104 224)
1045 3041 1148 3090 temere
1171 3036 1276 3090 licebat
1300 3051 1420 3102 movere;

291 3123 349 3178 Oic.
368 3124 408 3175 De
428 3123 472 3176 off.
493 3125 513 3186 Ι,
533 3138 556 3176 c.
575 3123 685 3185 35-37,
704 3122 794 3192 Epict.
815 3123 851 3186 ΙΙ,
864 3124 903 3186 16,
924 3123 963 3178 15.
981 3123 1022 3188 nl,
1041 3123 1082 3175 28.

224 3208 268 3263 10.
292 3209 326 3262 ct.
345 3226 370 3278 p.
390 3211 431 3262 ΙΙ,

223 3294 269 3347 12.
292 3311 332 3362 sq.
355 3295 424 3346 haec
448 3293 602 3362 composita
625 3296 688 3346 sunt
710 3309 744 3344 ex
768 3293 887 3346 llusonii
905 3293 996 3346 verbis
1020 3294 1165 3347 Platonem
1185 3294 1256 3361 (Lag
1273 3311 1300 3363 p.
1319 3295 1369 3346 660
1387 3292 1421 3361 ΙΙ)

288 3379 420 3431 imitantis
433 3381 462 3430 et
477 3379 626 3432 Clementis
640 3377 811 3443 emblemate,
826 3379 873 3447 qni
884 3379 976 3433 hausit
987 3395 1023 3432 ex
1036 3379 1071 3432 N.
1086 3381 1119 3433 T.
1138 3379 1203 3449 Ipse
1216 3379 1295 3432 Plato
1309 3359 1422 3447 'l'yrtabi

289 3480 396 3516 versum
420 3464 461 3531 (fr.
488 3465 558 3528 lit
581 3463 684 3531 Bergk)
707 3464 837 3533 respexit.
857 3464 896 3517 30
914 3464 1040 3517 Musonio
1065 3465 1173 3517 restitui
1196 3464 1320 3518 Platonis
1338 3465 1422 3516 verba

288 3546 339 3601 ε’ἀν
359 3546 527 3616 -ἰσχυρός,
555 3551 585 3600 ut
604 3549 706 3602 habeat
723 3549 858 3618 particula
875 3565 911 3614 τε,
932 3563 985 3617 qno
1003 3551 1142 3602 reseratur.
1178 3549 1243 3619 Ipse
1262 3551 1330 3602 Mus.
1349 3549 1421 3618 apud

289 3634 365 3687 Stob.
387 3633 437 3697 ΙΙΙ,
459 3635 505 3686 196
523 3634 577 3684 τοῖν
594 3630 647 3701 μὲν
665 3633 778 3700 Κροίσου
796 3633 843 3684 καὶ
863 3634 976 3703 Κινύρου
996 3633 1108 3699 (Valck.
1128 3649 1176 3703 pro
1196 3633 1294 3703 Κύρου)
1319 3639 1422 3696 θησαυ-

289 3720 346 3786 ριάν
372 3718 471 3771 πενίαν
497 3715 614 3787 ἐσχάτην
639 3717 898 3788 καταψηφιούμεθα,
926 3715 975 3772 ἕνα
1001 3715 1031 3772 δὲ
1057 3717 1103 3770 καὶ
1129 3718 1216 3788 μόνον
1246 3717 1424 3787 πιστεύσομεν

287 3800 357 3856 εἶναι
375 3803 501 3856 πλούσιον
519 3802 565 3855 καί
583 3803 671 3874 σοφόν
688 3803 733 3855 τόν
752 3803 905 3871 δυνάμενον
921 3803 1072 3866 κτήσασθαι
1089 3803 1117 3855 τό
1137 3799 1260 3862 ἀνενόεες
1282 3807 1424 3873 πανταχοῦ

289 3891 323 3946 af.
342 3891 400 3946 Cic.
418 3890 508 3944 Acad.
527 3890 619 3959 priora
637 3891 674 3953 ΙΙ,
694 3891 751 3943 136.
777 3891 854 3943 Stob.
879 3889 926 3943 ecl.
951 3891 1004 3944 eth.
1024 3891 1057 3943 99
1078 3891 1131 3953 W„
1154 3889 1217 3942 San.
1236 3890 1304 3944 Dial.
1324 3891 1361 3954 ΙΙ,
1383 3891 1422 3947 13.

221 3977 268 4030 20.
287 3994 328 4045 sq.
348 3977 416 4030 Mus.
432 3976 564 4040 adhibuit,
583 3976 632 4028 sed
647 3976 763 4028 variavit
779 3976 877 4028 Bionis
894 3976 996 4028 dictum
1016 3978 1153 4028 servatum
1169 3975 1197 4028 in
1213 3975 1318 4028 Telelis
1332 3975 1423 4044 capita

289 4061 376 4128 (Stob.
396 4061 451 4116 flor.
472 4061 573 4128 Ι,124).
594 4089 618 4098 -
644 4061 788 4114 emendavi
807 4053 840 4112 ού
858 4077 906 4130 pro
920 4057 934 4112 ὃ·
947 4063 975 4112 et
993 4059 1093 4128 scripsi
1111 4058 1143 4122 υό
1155 4076 1205 4129 pro
1224 4056 1262 4118 ςὲ.
1284 4091 1313 4098 -
1334 4059 1424 4114 Cobet

287 4143 429 4210 ἐπίσταιτο,
448 4147 520 4214 quod
540 4146 722 4199 necessarium
743 4162 795 4198 non
816 4150 865 4199 est.
