3218 4896
754 317 965 378 ,ῃ-

296 499 444 567 Clemens
471 503 665 589 compilavit,
692 501 805 567 librum
837 502 972 567 novisse.
1017 499 1086 567 Hoc
1109 500 1194 566 enim
1217 516 1336 565 eertum
1364 505 1423 580 est,

297 621 356 668 nec
371 603 499 670 verbnm
516 604 652 690 amplius
674 602 803 685 addam
826 602 909 668 hanc
931 604 1063 688 cynicae
1077 604 1163 668 vitae
1178 601 1423 686 descriptionem

295 715 328 771 et
349 705 655 772 commendationem
678 725 742 772 non
764 706 797 770 in
820 704 992 771 Clementis
1008 705 1137 770 cerebro
1151 713 1253 770 ortam
1269 723 1351 785 esse,
1365 701 1424 768 sed

294 809 389 876 anxie
411 828 484 873 cnm
506 809 642 874 auctoris
664 808 713 873 sni
736 808 869 889 vestigia
889 807 1051 891 pressisse.

188 991 191 996 Ι
380 908 488 987 Qualis
522 917 628 976 antem
660 909 711 976 hic
744 918 853 975 auctor
885 909 1036 992 cuiusque
1068 909 1183 975 aetatis
1215 907 1318 988 inerit,
1345 908 1424 972 satis

295 1017 445 1078 accurate
467 1011 607 1078 ostendi:
630 1032 650 1078 a
672 1013 840 1078 severitate
861 1011 985 1098 priscae
1007 1010 1169 1077 doctrinae
1194 1009 1317 1075 alienus
1341 1009 1424 1074 inter

294 1114 461 1180 eclecticos
483 1115 667 1201 posterioris
690 1119 802 1181 estatis
827 1113 950 1181 Stoicos
973 1111 1197 1193 numerandus,
1220 1131 1323 1198 pomo,
1347 1113 1422 1195 qnia

295 1236 423 1282 omnem
445 1216 664 1303 philosophiae
679 1218 744 1283 rim
765 1219 799 1282 in
814 1219 928 1282 virtute
943 1217 1149 1299 moribusque
1159 1215 1423 1299 collocatprimo

294 1339 325 1404 p.
342 1317 413 1384 Ohr.
426 1319 552 1385 saeculo
564 1317 769 1386 ascribendus
781 1319 915 1400 ridetur,
926 1316 1010 1402 qnod
1021 1316 1097 1383 inde
1111 1315 1324 1397 confirmatur,
1339 1315 1424 1400 quod

294 1418 466 1486 admodum
482 1420 524 1486 ed
544 1422 689 1506 cynicam
705 1415 906 1507 disciplinam
920 1421 1030 1501 vergit
1074 1419 1197 1484 Eadem
1212 1418 1346 1503 denique
1361 1439 1425 1502 qna
1489 1481 1491 1486 .

295 1522 449 1588 Senecam
472 1531 505 1588 et
525 1522 706 1609 Epictetum
722 1530 826 1588 aetate
841 1543 913 1589 eum
927 1522 1025 1588 foisse
1040 1520 1205 1599 doctrinae
1219 1520 1423 1587 similitudine

294 1625 453 1709 probetur.
481 1623 591 1708 ltaque
602 1633 848 1692 consentaneum
860 1631 908 1691 est
919 1630 1048 1710 propter
1058 1643 1130 1689 eam
1144 1615 1312 1704 rationem,
1328 1643 1423 1706 qoam

293 1727 375 1792 inter
396 1725 479 1793 hono
501 1735 533 1792 et
547 1727 726 1814 Epictetum
747 1726 882 1794 vidimus
904 1726 1111 1807 intercedere,
1127 1727 1218 1792 nobis
1232 1727 1265 1790 in
1283 1735 1422 1793 mentem

294 1829 401 1894 venire
422 1827 561 1914 Epicteti
583 1830 768 1912 magistrum
791 1829 1010 1911 clarissimum,
1033 1827 1212 1895 Musonium
1234 1830 1372 1912 inquam.

379 1929 498 1996 Temen
520 1930 600 1998 haec
616 1933 805 2015 coniectura,
821 1933 882 1998 nisi
897 1933 1006 2014 gravia
1020 1929 1209 1997 accederent
1227 1937 1424 2010 argumenta,

293 2032 440 2115 speciose
460 2033 516 2097 illa
537 2032 663 2117 quidem
686 2033 828 2116 fortasse,
852 2034 910 2100 sed
931 2052 1015 2099 vena
1036 2041 1120 2098 esset
1140 2052 1179 2096 ac
1201 2031 1307 2096 futilis.
1343 2031 1425 2096 Sunt

295 2153 368 2199 vero
395 2135 504 2216 gravia
531 2143 727 2218 argumenta,
754 2136 866 2220 quibus
895 2135 1104 2200 oondrmetur.
1149 2133 1299 2198 Serretes
1331 2133 1423 2198 nobis

293 2241 369 2301 sunt
401 2234 486 2320 apud
519 2235 690 2303 Stobeeum
723 2236 951 2322 disputationes
983 2235 1129 2318 Maeonii,
1157 2256 1178 2300 a
1202 2233 1423 2320 Peerlkampio

172 2425 177 2434 ι
291 2356 432 2402 seorsum
455 2336 599 2422 editee¹).
644 2339 695 2404 An
721 2337 822 2406 Pollio
850 2339 907 2406 has
934 2337 1231 2404 dissertationesin
1255 2341 1421 2421 ἀπομνημο-

291 2439 407 2522 νεύμασι
435 2439 604 2504 Μουσωνίου
631 2442 674 2526 (ν.
698 2440 786 2507 Suid.
809 2462 834 2508 s.
858 2463 886 2510 ν.
909 2442 1088 2520 Μουσώνιος)
1121 2442 1292 2507 memoriae
1323 2441 1421 2507 tredi-

219 2535 226 2548 '
292 2541 374 2608 derit
394 2551 427 2608 et
449 2543 523 2609 hinc
545 2543 698 2610 Stobeeus
721 2543 771 2609 vel
793 2545 859 2610 eins
881 2554 992 2611 auctor
1013 2565 1068 2611 eas
1091 2544 1303 2628 exscripserit,
1326 2544 1422 2629 plane

291 2645 445 2711 incertum
466 2654 526 2710 est.
571 2641 768 2714 Probehilius
792 2648 948 2733 quispiam
969 2649 1126 2734 putaverit
1148 2645 1317 2712 Stobaenm
1340 2645 1441 2712 haec'

292 2747 398 2832 capita
423 2749 530 2812 omnia
558 2746 674 2814 debere
700 2748 790 2814 Lucii
816 2751 923 2816 neseio
950 2751 1001 2816 cui
1028 2750 1119 2834 libro,
1153 2750 1422 2834 ἀπομνημονεύμασι

292 2855 378 2934 puto.
422 2847 536 2915 Exstat
558 2851 642 2914 enim
665 2850 750 2935 epod
773 2851 860 2918 Stoh.
883 2853 941 2918 eol.
965 2851 1001 2934 fl,
1024 2874 1055 2939 p.
1073 2855 1134 2917 193
1149 2851 1198 2920 W.
1213 2853 1274 2919 hoc
1288 2854 1420 2920 lemmat

293 2951 398 3014 Λυκίου
421 2951 453 3014 ἐκ
476 2959 533 3015 τῶν
555 2952 763 3036 Meteonem),
786 2963 819 3018 et
845 2955 1024 3022 nominatur
1049 2955 1164 3022 Lucius
1191 2954 1327 3022 Musooii
1354 2954 1421 3022 dis·

292 3055 414 3140 cipulus
430 3054 547 3138 (Zeller
561 3054 603 3121 lll
618 3077 648 3141 p.
673 3057 760 3140 691).
797 3054 860 3122 Sed
883 3056 955 3124 huic
978 3059 1031 3122 uni
1055 3059 1152 3143 capiti
1173 3057 1348 3143 praefixum
1371 3067 1420 3124 est

293 3155 382 3223 Lucii
405 3177 531 3240 nomen,
554 3165 589 3222 ut
611 3157 650 3222 de
667 3159 778 3224 ceteris
794 3159 870 3223 nihil
895 3165 1024 3226 constet.
1052 3158 1135 3242 Ergo
1158 3159 1243 3225 unde
1266 3159 1419 3225 Stobaens

379 3428 399 3494 ¹)
417 3428 447 3483 0.
465 3429 586 3482 Musooii
603 3429 665 3483 Rufi
682 3430 838 3504 philosophi
855 3431 936 3485 stoici
947 3431 1079 3499 reliquiae
1091 3434 1120 3484 et
1132 3431 1364 3500 apophthegmata
1376 3430 1420 3485 ed.

292 3511 466 3582 Peerlkamp,
483 3513 609 3567 Horlemi
629 3515 704 3569 1822.

377 3597 399 3663 ²)
419 3598 511 3666 Ipsum
529 3598 582 3652 hoc
600 3604 685 3668 capot
702 3615 738 3653 an
755 3602 830 3654 recte
848 3616 914 3669 prae
927 3616 956 3654 se
970 3600 1041 3655 feret
1053 3601 1133 3654 Lucii
1144 3617 1251 3666 nomen,
1261 3601 1421 3667 dubitarem,

290 3681 345 3736 nisi
362 3685 484 3736 exstaret
501 3685 632 3738 memoria
648 3683 806 3755 philosophi
825 3687 911 3742 Lucii.
947 3685 1018 3740 Nam
1037 3687 1111 3757 apud
1129 3686 1205 3741 Stob.
1223 3687 1291 3741 ordo
1310 3688 1421 3741 lemme·

291 3769 350 3820 tnm
367 3767 493 3821 turbatus
510 3771 562 3822 est.

381 3851 479 3920 Vagae
506 3856 570 3906 sunt
597 3852 769 3908 coniecturae
796 3854 970 3908 Bernhardtii
997 3857 1039 3924 (nn
1061 3855 1095 3910 G.
1120 3857 1189 3910 Mus.
1213 3856 1309 3921 Boius,
1332 3856 1421 3911 Soran

293 3937 377 4003 1866),
395 3937 442 4006 qni
456 3953 506 4006 pro
518 3937 621 3991 Λυκίου
637 3937 707 4008 legit
725 3939 857 3993 Κλαυδίου
876 3941 923 4006 (ee.
941 3941 1085 4008 Pollionis)
1103 3945 1211 3994 etcum
1229 3941 1421 4012 Peerllrumplo

289 4026 369 4091 putat
396 4021 512 4075 eundem
539 4022 683 4077 Claudium
711 4040 781 4091 esse,
810 4026 855 4094 qui
873 4041 891 4079 a
907 4026 980 4080 Plio.
1003 4043 1046 4096 ep.
1066 4026 1088 4091 Ι,
1105 4029 1137 4080 31
1167 4027 1275 4081 dicatur
1301 4028 1422 4081 Musonii

291 4107 445 4161 memoriam
470 4107 539 4160 libro
563 4123 747 4163 consecrasse.
783 4111 874 4163 Atio
897 4109 980 4163 Plinii
1003 4127 1045 4180 ep.
1069 4127 1141 4164 nnnc
1162 4112 1274 4166 meliore
1301 4112 1420 4165 lectione

289 4188 391 4260 legitur
409 4191 502 4256 „dom
521 4192 629 4256 Bassi“‚
648 4209 701 4246 non
720 4194 881 4258 „llnsonii“.
1178 4197 1186 4206 '
