3218 4896
634 319 847 380 -49-

176 506 234 572 has
264 512 413 590 acceptas
442 504 557 570 referre
589 503 753 570 Clementi.
800 503 862 569 Sed
890 503 1002 584 babeo,
1037 524 1118 587 quae
1151 522 1309 589 opponam

178 608 249 673 buic
272 609 459 674 sententiae.
506 605 647 671 Primum
662 607 689 672 si
704 605 859 691 penderet
874 593 1084 673 Tertullianus
1101 627 1121 672 a
1137 605 1310 690 Clemente,

178 713 256 777 miro
280 731 356 778 casu
380 710 497 775 lactum
521 723 616 792 esset,
640 716 674 774 ut
696 730 750 776 eos
774 709 867 776 modo
897 709 985 776 locos
1013 729 1052 774 ex
1080 708 1176 776 Paed.
1206 714 1310 776 trans·

153 814 284 895 -ferret,
308 813 360 896 qui
383 833 402 877 a
417 811 562 878 Musonio
578 818 707 878 auctore
722 812 885 896 repetendi
904 819 985 878 sunt.
1020 810 1121 896 Ipsius
1138 810 1310 878 Clementis

177 915 296 980 nullam
325 917 449 1000 repperi
471 916 675 996 insigniorem
700 915 899 997 sententiam,
923 934 1003 998 quae
1026 919 1212 996 congrueret
1238 933 1308 979 cum

177 1015 380 1082 Tertulliano.
427 1014 506 1082 Nam
530 1017 556 1082 si
580 1016 609 1080 S.
635 1015 665 1080 S.
691 1015 821 1100 quidam
844 1015 906 1082 loci
930 1053 969 1062 -
994 1017 1053 1082 etsi
1076 1037 1116 1082 ne
1132 1017 1161 1080 ii
1183 1014 1310 1100 quidem

58 1163 64 1166 -
177 1118 424 1185 multisunt-
451 1119 595 1186 similiter
623 1119 662 1184 ab
690 1125 821 1202 utroque
850 1117 1049 1199 adhibentur,
1076 1117 1150 1184 binc
1184 1118 1310 1184 efficere

176 1221 309 1287 alterum
333 1222 373 1288 ab
396 1223 496 1290 altero
519 1220 668 1306 pendere,
703 1239 821 1303 vereor,
851 1241 891 1286 ne
926 1222 1100 1302 argutautis
1133 1223 1238 1306 potius
1271 1222 1312 1288 sit

177 1323 270 1408 quam
294 1317 555 1406 argumentantis.
601 1323 641 1390 Et
662 1325 693 1390 si·
713 1344 820 1388 verum
849 1329 898 1389 est
925 1322 1098 1390 monachos
1127 1330 1159 1390 et
1185 1331 1310 1390 ascetas

177 1426 364 1494 christianos
396 1427 572 1492 imitatione
605 1427 798 1512 expressisse
832 1425 1092 1511 philosophorum
1125 1425 1308 1509 rigidiorem

176 1530 294 1598 uictum
317 1529 508 1612 cultumque,
533 1528 606 1612 quid
630 1529 743 1611 obstat,
772 1529 937 1612 quominus
966 1535 1141 1596 statuamus
1163 1528 1309 1596 Tertulli·

177 1652 271 1700 anum
305 1633 338 1697 in
371 1633 512 1698 ascetica
545 1632 610 1696 vita
645 1631 831 1698 Christianis
866 1630 1121 1698 commendanda
1154 1633 1310 1716 quaedam

178 1735 378 1802 transtulisse
401 1754 441 1800 en
463 1735 543 1801 libro
566 1736 633 1800 eius
657 1736 830 1820 scriptoris,
844 1737 904 1819 ,qui
929 1737 1076 1820 cynicum
1099 1737 1184 1802 vitae
1211 1755 1310 1818 genus

176 1837 450 1922 amplectebatur?
491 1837 553 1903 (lor
585 1837 759 1904 Clementis
786 1839 891 1922 potius
920 1838 1036 1904 rivulos
1064 1845 1309 1921 consectaretur,

176 1961 269 2024 quam
304 1941 443 2008 hauriret
476 1962 515 2006 ex
548 1941 628 2006 libro
661 1942 761 2024 ipsius
789 1939 935 2022 Musunii,
970 1941 1058 2006 cuius
1093 1941 1244 2008 severitas
1278 1949 1310 2008 et

177 2044 301 2109 sincera
328 2045 515 2128 simplicitas
553 2042 681 2113 candidi
715 2044 774 2108 viri
808 2062 972 2109 assensum
1007 2043 1113 2110 multis
1146 2045 1179 2108 in
1212 2044 1309 2110 rebus

175 2146 257 2211 ferre
288 2145 447 2212 debebat?
482 2145 522 2210 Et
549 2151 622 2212 suut
643 2144 827 2210 Tertulliani
856 2145 983 2229 quidam
1011 2146 1072 2212 loci
1101 2154 1309 2229 congruentes

174 2248 220 2312 illi
243 2249 370 2332 quidem
399 2268 469 2313 oum
500 2247 700 2330 Paedagogo,
725 2248 837 2331 quibus
866 2254 973 2314 tamen
1000 2249 1070 2333 ipse
1099 2248 1309 2316 Tertullianus

177 2350 335 2432 signifieat
370 2370 404 2415 se
433 2348 482 2413 vel
509 2350 597 2434 sequi
626 2351 675 2414 vel
708 2351 894 2434 impugnare
927 2351 1077 2431 gentilem
1113 2353 1308 2437 scriptorem.

177 2452 226 2518 De
248 2453 333 2518 cultu
356 2451 428 2516 iem.
454 2451 521 2536 (lib.
545 2450 573 2516 II
601 2471 626 2518 c.
655 2455 676 2515 4
710 2451 759 2518 ed.
795 2451 940 2536 Oebler):
979 2452 1095 2534 „Quasi
1129 2455 1309 2538 gentilibus
1372 2489 1375 2494 ¹

177 2556 289 2638 inquit,
313 2554 417 2620 dicam
442 2555 550 2637 gentili
576 2561 607 2620 et
629 2556 788 2620 communi
803 2556 944 2622 omnium
960 2562 1130 2641 praecepto
1147 2557 1310 2640 alloquens

177 2677 241 2739 vos,
266 2657 341 2723 solis
366 2657 489 2723 maritis
512 2658 624 2724 vestris
647 2657 773 2742 plaeere
796 2656 948 2726 debetis.“
993 2655 1080 2724 Idem
1104 2666 1309 2744 praeceptum

177 2765 281 2824 exstat
307 2758 391 2844 apud
420 2757 518 2824 (ilem.
536 2757 597 2837 lb,
626 2761 666 2822 57
694 2780 724 2843 p.
749 2760 812 2822 288
840 2761 905 2846 ὅρος
932 2759 962 2824 δὲ
990 2761 1084 2830 αὐτοῖς
1111 2761 1262 2826 ἐπικείσθω
1288 2765 1308 2847 ἡ

179 2864 249 2950 πρὸς
271 2867 373 2946 μόνους
399 2861 465 2932 τοὺς
491 2862 599 2925 ἑαυτῶν
627 2863 731 2950 ἄνδρας
754 2865 906 2950 φιλοτιμία,
936 2871 967 2930 et
993 2871 1089 2930 antea
1115 2871 1307 2950 suppressam

177 2976 238 3038 ταῖς
266 3017 273 3030 .
299 3018 306 3031 .
333 3018 339 3030 .
366 3007 370 3018 ·
400 2969 519 3054 τάνδρὸς
545 2969 589 3030 διὰ
615 2968 668 3051 τὴν
696 2970 843 3056 ἀμεσκείυν
869 2971 1088 3052 κοσμουμένους.
1136 2970 1195 3036 Hie
1224 2973 1308 3037 euim

177 3071 265 3138 locus
289 3074 391 3156 aptius
422 3079 622 3156 comparatur
649 3092 744 3156 quam
772 3072 810 3155 Il,
840 3076 902 3137 114
933 3094 964 3158 p.
999 3074 1072 3138 238.
1118 3073 1235 3150 Quodsi
1270 3095 1310 3141 ex

177 3174 309 3258 profano
333 3180 460 3240 auctore
488 3174 593 3240 bausit
614 3173 824 3242 Tertullianus
851 3213 893 3220 —
920 3183 951 3242 et
973 3173 1213 3242 Noeldeobenus
1239 3178 1308 3261 ipse

177 3277 315 3342 sensisse
337 3275 460 3342 videtur
483 3275 529 3360 (p.
553 3277 632 3359 286)
657 3298 691 3343 se
715 3279 776 3342 vim
800 3277 897 3344 affere
913 3279 980 3344 eius
997 3278 1101 3344 verbis
1117 3284 1307 3346 statuentem

177 3379 390 3444 Christianum
413 3378 480 3444 eius
504 3387 663 3445 auctorem
688 3400 758 3447 esse
782 3417 822 3426 —
846 3401 951 3448 nonne
973 3380 1044 3448 luce
1068 3381 1183 3447 clarius
1203 3386 1254 3448 est
1268 3401 1309 3447 ex

177 3481 313 3578 Musonii
336 3481 415 3547 libro
444 3501 517 3547 eum
544 3482 603 3548 boo
630 3490 834 3567 praeceptum
869 3483 1067 3569 sumpsisse?
1100 3483 1188 3550 ldem
1223 3483 1309 3550 cadit

175 3586 208 3650 in
232 3583 373 3650 eiusdem
397 3583 468 3648 libri
497 3585 548 3673 (c.
572 3585 627 3667 10)
656 3584 736 3650 haee
763 3585 872 3650 uerba:
903 3585 1042 3668 „Aurum
1069 3587 1184 3671 ipsum,
1219 3587 1307 3653 euius

160 3706 231 3753 ¹vos
254 3686 355 3769 gloria
377 3691 521 3770 occupat,
546 3686 670 3751 cuidam
695 3689 782 3767 genti
804 3686 845 3752 ad
868 3688 995 3753 vincula
1024 3689 1142 3754 seruire
1169 3688 1308 3755 referunt

176 3789 341 3870 gentilium
363 3789 507 3854 litterae“
534 3787 588 3868 (cl.
614 3787 654 3852 de
678 3788 762 3854 cultu
790 3789 863 3854 fem.
891 3789 911 3854 l.
939 3789 963 3870 l,
991 3793 1009 3851 7
1039 3789 1135 3856 Olem.
1171 3788 1209 3871 ll,
1245 3793 1307 3854 122

176 3911 206 3976 p.
235 3893 299 3953 244
322 3878 525 3956 Noeldechen
552 3911 583 3974 p.
611 3890 698 3974 286).
744 3890 888 3974 Denique
914 3891 963 3957 De
997 3892 1116 3958 exhort.
1152 3896 1230 3958 cast.
1266 3893 1307 3954 12

175 3993 229 4058 ille
256 3993 373 4058 refutat
400 4013 455 4058 eas
482 3993 631 4075 rationes,
659 3993 770 4076 quibus
800 3995 1032 4060 matrimonium
1057 3993 1228 4060 suadeatur
1250 3994 1305 4076 (ci.

175 4096 223 4178 De
252 4114 376 4177 monog.
407 4094 478 4179 15):‘
512 4095 771 4178 „Praetendimus
806 4097 1010 4163 necessitates
1043 4095 1304 4162 adminiculorum

177 4197 293 4280 (Olem.
333 4199 446 4270 Strom.
481 4196 519 4280 ll,
555 4200 617 4262 140
650 4219 681 4283 p.
715 4185 806 4282 504),
845 4198 972 4264 domum
1011 4197 1306 4282 administrandam,

1117 4301 1135 4354 4
1274 4311 1277 4316 .
