3218 4896
660 329 851 390 ..5-

194 516 360 602 propatulo
383 523 439 600 est,
468 500 500 580 id
529 517 621 601 quod,
651 517 710 582 nisi
740 537 779 583 ex
806 515 911 583 Stoico
946 514 1142 583 Clementem
1177 516 1322 583 hausisse

194 628 378 703 statuamus,
403 619 487 686 nullo
516 625 610 705 pacto
640 619 790 706 explicari
817 623 946 705 protest.
993 618 1118 686 Obiciat
1151 619 1228 685 mihi
1263 620 1322 686 ali-

195 726 275 809 quis:
300 723 403 801 Quid?
425 723 497 810 lpse
525 723 670 791 Clemens
694 744 798 790 nonne
827 725 928 792 stoica
954 723 1154 810 philosophia
1183 723 1323 790 imbutus

194 827 281 894 erat?
307 828 370 893 Cur
393 827 471 894 baec
501 848 563 894 non
592 848 631 893 ex
659 829 758 914 ipsius
784 829 911 910 ingenio
940 835 1016 895 nata
1045 836 1076 896 et
1101 828 1226 915 prolata
1254 847 1324 894 esse

194 931 349 1018 possunt?
389 930 545 999 Didioisse
583 931 778 998 Clementem
819 933 951 998 stoicam
989 931 1220 1019 philosophiam
1261 951 1324 998 non

195 1056 291 1118 nego;
314 1035 392 1101 illud
416 1056 496 1118 nego
520 1042 612 1120 atque
635 1035 668 1100 id
691 1037 777 1102 nisus
800 1037 899 1122 ipsius
921 1037 1047 1123 scriptis
1070 1057 1142 1103 eum
1165 1056 1264 1121 usque
1287 1056 1324 1102 eo

196 1139 356 1205 imbibisse
379 1139 522 1205 intimam
545 1139 627 1205 hanc
650 1138 881 1226 philosophiam
906 1147 938 1206 et
960 1142 1005 1207 ita
1032 1141 1061 1206 oi
1089 1161 1123 1207 se
1151 1139 1322 1222 addixisse,

196 1251 229 1308 ut
249 1251 339 1309 tanta
354 1245 531 1309 constantia
547 1243 586 1309 ab
604 1263 665 1310 uno
680 1244 852 1310 stoicorum
867 1244 1022 1330 principio
1039 1243 1080 1309 ad
1096 1245 1323 1311 minutissimas

195 1366 244 1411 res
279 1345 495 1413 descenderet.
541 1346 579 1412 Id
613 1347 672 1413 nisi
706 1367 725 1413 a
758 1347 899 1433 perfecto
934 1347 1039 1414 Stoico
1072 1348 1227 1433 praestari
1260 1367 1322 1413 non

195 1457 330 1534 poterat,
353 1449 469 1515 nedum
493 1451 532 1516 ab
556 1471 593 1516 eo
617 1450 779 1537 scriptore,
803 1452 855 1535 qui
884 1450 961 1516 nihil
990 1452 1093 1518 minus
1123 1470 1217 1535 qnam
1246 1470 1323 1517 oon·

195 1555 345 1619 stantiam
368 1563 400 1619 et
421 1555 663 1640 perpetuitatem
687 1561 792 1621 certae
815 1557 944 1621 rationis
967 1556 1056 1639 sequi
1079 1555 1169 1622 solet.

281 1657 413 1722 Accedit
424 1657 508 1741 quod
520 1657 615 1743 plane
628 1659 785 1723 contraria
796 1665 869 1724 sunt
880 1658 960 1725 haec
972 1660 1091 1725 stoicae
1104 1655 1324 1743 philosophiae

195 1761 324 1828 decreta
346 1767 378 1826 ct
400 1760 543 1826 doctrina
575 1761 754 1844 christiana,
782 1782 861 1846 quae
888 1770 937 1828 est
959 1767 993 1829 et
1014 1762 1113 1849 ipsius
1140 1761 1323 1842 Clementis,

195 1873 347 1948 qnatenus
363 1884 402 1929 ex
418 1884 474 1930 suo
498 1866 634 1946 ingenio,
658 1885 720 1931 non
732 1870 777 1930 'ex
792 1864 924 1931 aliorum
940 1865 1028 1932 libris
1044 1866 1155 1930 haurit.
1191 1863 1250 1928 Hic
1267 1884 1323 1949 op-

194 1973 319 2052 ponitur
334 1988 431 2053 prava
448 1967 582 2034 hominis
598 1978 710 2033 natura
726 1970 830 2034 virtuti
843 1969 891 2034 vel
905 1969 1009 2053 saluti,
1023 1990 1103 2053 quae
1115 1975 1243 2054 paratur
1255 1969 1325 2053 ipsa

195 2080 307 2136 natura
319 2091 471 2157 oppressa
487 2080 518 2136 et
533 2073 695 2139 restincta.
734 2071 914 2138 Secundum
932 2074 1063 2140 stoicam
1080 2093 1153 2138 vero
1168 2073 1323 2138 rationem

194 2195 284 2241 suam
298 2176 430 2260 quisque
447 2183 573 2242 secutus
588 2182 735 2242 naturam
747 2177 831 2244 haud
843 2178 989 2244 vitiosam
1002 2176 1080 2260 (Cic.
1095 2175 1136 2242 de
1146 2174 1197 2241 off.
1212 2173 1235 2256 Ι,
1252 2174 1323 2238 120.

195 2280 271 2360 110)
294 2279 500 2364 pervenitad
524 2281 680 2346 virtutem.
714 2281 764 2347 Ab
788 2281 887 2347 altera
909 2286 1001 2367 parte
1018 2280 1116 2346 habes
1133 2278 1324 2345 dualismum

195 2402 288 2465 quem
303 2389 427 2464 vocant,
451 2383 491 2448 ab
507 2383 609 2449 altera
631 2385 860 2467 monismum.¹)
895 2383 967 2449 Jam
991 2383 1138 2450 Clemens
1160 2390 1324 2466 utramque

196 2487 349 2551 rationem
383 2487 462 2551 miro
489 2485 583 2553 modo
610 2487 744 2554 miscuit.
790 2487 848 2554 Est
875 2487 964 2572 quasi
998 2488 1105 2572 biceps
1132 2486 1237 2570 Ianus,
1272 2486 1324 2570 qui

196 2590 339 2655 incautos
374 2588 490 2674 duplici
524 2589 605 2655 facie
638 2590 748 2657 fallere
785 2591 885 2658 solet..
931 2589 995 2656 Sed
1033 2611 1094 2676 qua
1126 2589 1256 2656 tandem
1289 2609 1324 2655 re

196 2699 370 2758 commotus
393 2699 450 2774 est,
474 2699 507 2757 ut
528 2701 594 2758 tam
618 2695 775 2760 contraria
798 2700 830 2760 et
852 2694 983 2759 diversis
1006 2692 1161 2761 frontibus
1185 2693 1245 2760 sibi
1268 2693 1323 2758 ob-

196 2797 314 2862 stantia
335 2795 504 2862 oonciliare
526 2796 666 2861 animum
688 2795 872 2862 induceret?
897 2797 1029 2879 Stoicus,
1056 2798 1196 2882 inquam,
1216 2802 1326 2862 auctor

199 2901 226 2965 ei
250 2900 382 2966 idoneus
404 2899 489 2966 visus
512 2906 569 2982 est,
593 2919 686 2983 quem
709 2901 910 2966 exscriberet.
956 2900 1005 2966 Ab
1020 2899 1081 2967 hoc
1104 2907 1204 2967 totam
1222 2906 1324 2966 mate-

195 3004 276 3069 riam
300 3002 483 3089 depromsit,
506 3001 578 3068 huic
601 3023 764 3070 sacrorum
791 3003 941 3070 librorum
969 3006 1153 3072 memoriam
1183 3004 1326 3071 adiunxit

195 3106 407 3190 formulasque
430 3104 618 3174 christianas
641 3109 787 3193 aspersit.

284 3210 492 3276 Confirmatur
515 3230 588 3276 vero
615 3212 689 3276 inde
716 3211 795 3278 haec
822 3215 989 3296 sententia,
1024 3213 1106 3298 quod
1140 3213 1233 3279 facile
1267 3221 1325 3296 est,

197 3315 294 3400 ipsius
318 3313 489 3380 Clementis
512 3312 736 3380 additamentis
759 3317 889 3382 resectis
905 3317 1061 3400 integrum
1079 3316 1217 3384 Stoicum
1234 3318 1325 3383 rerti·

199 3425 296 3485 tuere.
342 3417 449 3483 Multis
473 3417 550 3484 locis
573 3417 651 3483 nihil
673 3417 879 3502 desideratur,
903 3421 929 3486 si
953 3440 992 3486 ea
1015 3441 1098 3507 quae
1120 3443 1160 3488 ex
1183 3421 1327 3488 doctrina

198 3522 369 3588 christiana
390 3528 516 3607 sumpta
538 3526 621 3605 sunt,
644 3543 879 3604 removeamus3
910 3525 984 3607 quin
1013 3526 1110 3591 etiam
1145 3525 1215 3591 aliis
1248 3524 1326 3591 locis

197 3624 295 3691 mnlto
320 3624 431 3691 melius
454 3622 596 3710 procedit
618 3627 765 3692 universa
787 3625 958 3712 disputatio
981 3637 1074 3712 atque
1098 3629 1327 3711 argumentatio

197 3728 328 3795 seclusis
351 3728 644 3813 interpolationibus
660 3727 841 3796 Clementis.
876 3729 979 3808 Quid?
1003 3730 1087 3815 quod
1108 3731 1251 3798 nonnulli
1265 3731 1326 3797 loci

197 3833 242 3900 sic
264 3831 392 3898 demum
414 3831 695 3918 intelleguntur?²)

284 4089 305 4156 ¹)
324 4089 387 4142 Hoc
405 4089 459 4143 iam
477 4089 564 4142 sensit
582 4089 660 4142 hierli
677 4089 705 4142 in
723 4089 832 4158 egregio
850 4089 929 4156 libro,
954 4091 997 4144 cui
1021 4091 1117 4146 titulus
1142 4096 1185 4146 est
1202 4091 1262 4158 „Ch
1280 4091 1326 4146 Al.

197 4177 226 4232 iu
244 4177 335 4229 aeiner
353 4175 560 4244 Abhbngigkeit
572 4191 625 4230 von
644 4177 692 4229 der
709 4176 900 4244 griechischen
913 4176 1108 4246 Philosophie“
1124 4177 1239 4248 Leipzig
1252 4180 1328 4233 1879.

283 4263 304 4332 2)
323 4279 349 4317 v.
367 4262 526 4318 Excursum.
