3218 4896
739 266 951 330 ..60-

366 452 401 518 ln
418 453 560 536 Ὑγιεινοῖς
582 454 795 540 παραγγέλμασι
819 451 898 518 Plut.
922 455 962 535 (c.
981 455 1001 515 4
1024 452 1084 534 sq.)
1108 451 1299 537 simpliccs¹)
1323 451 1410 516 cibos

282 575 351 618 cnm
387 555 529 622 Musonio
558 555 774 638 commendat,
802 564 836 620 ut
862 556 968 642 φακῆν,
997 556 1105 640 ἐλαίαν,Ι
1135 556 1293 641 καρδαμίδα
1323 555 1365 635 (c.
1392 557 1409 614 7

282 655 327 721 (ll.
357 656 393 738 ll,
423 662 462 722 15
485 679 516 743 p.
542 659 628 743 174),
664 666 695 725 et
728 661 850 744 corpori
884 660 985 740 magis
1020 657 1170 743 expedire
1205 658 1283 723 dicit
1316 677 1408 740 qnam

281 761 447 844 pretiosos,
481 763 707 828 continentiam
743 762 855 828 suadet
888 761 1023 827 eandem
1059 781 1097 826 ae
1134 757 1213 826 Mus.
1252 760 1410 824 advocans

281 861 503 947 Xenophontis
519 864 659 948 (apomo.
676 862 689 928 l
705 867 734 946 3,
751 867 785 948 5)
801 865 990 930 sententiam
1015 863 1056 945 (c.
1073 864 1093 925 6
1110 861 1155 928 Ol.
1172 862 1208 943 n,
1227 865 1266 926 15
1290 883 1319 946 p.
1339 863 1409 941 174,

281 966 323 1027 29
345 986 375 1049 p.
402 967 489 1049 184).
534 963 612 1030 Turn
637 967 781 1032 conferas
804 967 884 1032 Plut.
909 969 972 1032 cl
996 967 1213 1050 ἐμπίμπλασθαι
1228 967 1293 1053 παρ’
1308 966 1411 1052 ἑτέροις

280 1075 337 1130 τῶν
360 1069 527 1132 πολυτελῶν
552 1119 558 1132 .
585 1119 591 1131 .
619 1117 625 1131 .
651 1118 658 1131 .
685 1069 748 1152 (Ol.
773 1068 808 1150 ll,
835 1072 874 1132 12
897 1090 927 1155 p.
955 1072 1031 1154 172)
1059 1072 1190 1158 καθάπερ
1219 1071 1250 1133 ἐκ
1273 1072 1411 1152 πολεμίας

282 1175 406 1259 ἀφειδῶς
429 1175 664 1257 ἐπισιτιζομένους
689 1222 695 1236 .
722 1222 728 1236 .
755 1223 761 1236 .
788 1223 795 1234 .
820 1173 930 1259 ε’φοδιον
954 1175 1008 1258 τῆς
1032 1178 1192 1260 ἀπληστίας
1214 1176 1266 1259 τὴν
1290 1178 1410 1260 ἀπεψίαν

282 1279 395 1364 ἔχοντες
417 1286 448 1344 et
464 1278 509 1344 ol.
525 1277 562 1360 H,
577 1281 615 1342 11
633 1279 727 1366 ὥσπερ
743 1280 783 1348 εἰς
797 1279 917 1364 ἐφόδιον,
934 1279 984 1342 οὐκ
1000 1283 1039 1350 εἰς
1055 1283 1184 1344 ἀνάδοσιν
1200 1283 1410 1364 ἀποτιθεμένων

281 1387 317 1446 τοί
340 1385 491 1467 ἐδέσματα.
537 1381 605 1449 Ηοο
627 1403 749 1467 qnoque
772 1385 1087 1450 animadvertendum
1111 1394 1159 1452 est
1181 1386 1292 1452 eadem
1316 1387 1410 1470 plane
1523 1377 1527 1382 ’

282 1490 404 1554 ratione
430 1493 523 1571 atque
550 1485 729 1553 Musonium
759 1484 959 1552 Plutarchum
989 1487 1028 1552 de
1056 1491 1160 1562 carnis
1187 1509 1243 1554 esu
1271 1489 1410 1553 indicare

283 1611 309 1657 c.
332 1592 372 1654 16
390 1590 443 1673 (cf.
464 1610 496 1675 p.
514 1588 580 1671 24),
607 1589 659 1653 ubi
682 1588 742 1652 levi
772 1594 806 1654 et
831 1590 919 1655 tenui
947 1591 1030 1655 victu
1053 1591 1202 1656 utendum
1228 1611 1298 1658 csse
1321 1591 1410 1671 dicit;

282 1694 436 1778 optimum
458 1711 528 1758 esse
551 1709 651 1756 carne·
669 1711 731 1755 non
756 1691 849 1772 vesci,
873 1711 935 1773 qua
957 1693 1141 1757 obscuretur
1156 1695 1270 1759 mentis
1293 1693 1410 1774 lumen,

283 1802 369 1862 certe
391 1793 519 1862 modum
544 1813 614 1859 esse
637 1791 821 1858 tenendum.
872 1792 931 1858 Hic
954 1793 1033 1860 Plut.
1059 1794 1236 1860 Musonium
1261 1796 1410 1879 sequitur,

282 1919 375 1984 quem
399 1899 572 1982 impugnat,
596 1903 630 1960 ut
652 1894 786 1975 ostendi,
810 1896 842 1959 in
866 1895 965 1961 altero
993 1896 1052 1977 ,De
1075 1899 1178 1964 carnis
1202 1901 1269 1963 esu‘
1293 1898 1409 1964 libello.

283 2001 362 2067 Plut.
386 2020 413 2067 c.
439 2001 479 2063 17
508 1997 652 2063 similiter
678 1997 814 2079 loquitur
842 1997 882 2061 de
908 1997 999 2062 lactis
1028 2005 1058 2062 et
1087 2000 1150 2063 vini
1176 2006 1291 2065 natura
1318 2010 1411 2083 atque

284 2102 328 2168 (ll.
352 2103 376 2186 l,
401 2105 441 2166 37
469 2121 500 2186 p.
526 2100 592 2184 120ι
610 2119 655 2182 sq.
680 2105 712 2163 et
737 2098 815 2163 locis
839 2120 868 2182 p.
893 2100 935 2161 46
958 2100 1076 2179 allatis3
1110 2108 1208 2166 totam
1243 2103 1411 2187 disputati-

283 2226 374 2272 onem
399 2204 447 2269 hls
469 2201 573 2269 vorbis
596 2200 827 2284 complectitnrt
863 2201 1023 2287 βρωμάτων
1056 2203 1088 2266 δέ
1122 2205 1169 2266 καίΙ
1203 2213 1347 2288 πωμάτων
1374 2209 1410 2268 τοί

284 2314 411 2397 χρήσιμα
434 2306 547 2390 μᾶλλον
571 2307 591 2390 ἀγ
613 2306 650 2366 td
673 2305 745 2387 ἡδέα
768 2308 925 2389 γιγνώσκειν
948 2313 1089 2395 προςήκει,
1114 2309 1197 2394 qnod
1213 2315 1265 2376 est
1281 2310 1413 2377 Musonii

285 2415 475 2500 principium
499 2411 542 2494 (v.
566 2430 596 2494 p.
620 2411 665 2491 4).

372 2515 505 2580 Multum
528 2512 708 2578 tractabant
730 2511 825 2576 Stoici
857 2533 906 2579 res
935 2514 976 2579 ad
1004 2517 1179 2581 convivium
1209 2519 1413 2601 pertinentes,

286 2639 345 2684 nec
359 2617 452 2702 pauci
467 2616 661 2699 scripserunt
675 2613 875 2697 Σομποτικοὺς.
904 2615 930 2680 Ε
947 2619 1057 2701 quibus
1071 2618 1228 2684 Plutarchi
1249 2621 1279 2683 in
1294 2618 1415 2695 Quaes-

285 2721 423 2786 tionibns
447 2717 661 2783 convivalibus
685 2717 827 2784 doctrina
849 2720 1045 2786 redundavit.
1091 2720 1179 2785 Adiit
1205 2729 1309 2786 autem
1333 2722 1413 2787 Plut.

286 2830 411 2908 praeter
434 2820 513 2885 alios
537 2819 631 2884 etiam
649 2819 837 2905 Musonium,
861 2825 913 2906 qui
936 2824 1036 2888 multa
1054 2825 1086 2888 in
1102 2824 1182 2896 libro
1198 2844 1254 2890 suo
1271 2827 1415 2908 tetigerat

286 2926 328 2992 ad
356 2925 533 2992 convivium
568 2925 746 3007 spectantia
779 2934 810 2990 et
844 2927 894 3009 qui
928 2927 1054 3011 proprio
1089 2928 1183 3010 capiti
1218 2929 1414 3013 inscripsisse

287 3028 409 3094 videtur
423 3025 516 3120 Λόγος
539 3031 705 3108 συμποτικός
728 3026 788 3107 (Ol.
814 3026 850 3109 ll,
874 3031 914 3092 43
939 3049 969 3113 p.
995 3030 1077 3108 194).
1122 3028 1341 3096 Praetermitto
1364 3031 1416 3094 hic

287 3153 341 3198 eos
363 3131 459 3212 locos,
483 3132 595 3214 quibus
618 3132 793 3197 sententiae
817 3131 946 3196 eaedem
970 3133 1183 3214 inveniuntur,
1199 3135 1295 3198 verba
1310 3141 1413 3198 autem

287 3255 350 3300 uon
375 3240 560 3316 congmunt.
607 3233 662 3298 llis
690 3235 774 3298 enim
801 3233 879 3300 locis
907 3234 1036 3300 forsitan
1071 3234 1194 3301 dubitet
1228 3236 1340 3319 aliquis
1374 3255 1414 3300 an

287 3337 370 3404 Plut.
388 3338 565 3403 Musonium
587 3341 714 3404 secutus
731 3337 780 3402 sit.
819 3336 1014 3420 Quamquam
1030 3337 1107 3402 illud
1123 3357 1199 3403 sane
1215 3339 1416 3404 confirmatur

287 3441 336 3505 his
373 3441 450 3506 locis
487 3459 549 3505 non
586 3439 695 3523 ipsius
723 3438 904 3520 Clementis,
939 3439 994 3506 sed
1030 3439 1206 3525 philosophi
1241 3441 1414 3506 doctrinam

287 3541 478 3625 Paedagogo
491 3542 653 3607 contineri.
689 3540 752 3606 Eos
767 3543 862 3622 igitur
877 3542 961 3608 solos
976 3541 1135 3607 Plutarchi
1152 3542 1239 3609 locos
1254 3563 1415 3625 enumero,

288 3647 340 3729 qui
363 3665 465 3730 paene
487 3644 602 3725 integri
625 3653 832 3710 manaverunt
854 3665 893 3709 ex
916 3643 1074 3711 Musonio:

391 3745 687 3814 Pl.lib.lAV6
743 3797 749 3811 .
797 3798 804 3811 .
850 3799 856 3812 .
904 3747 1215 3832 .=Cl.ll‚44p.
1242 3751 1303 3814 194

390 3852 437 3917 n.
460 3853 512 3919 uu.
536 3851 563 3918 n
586 3851 665 3916 nv.
685 3849 765 3934 vr,1
796 3825 803 3916 .’
850 3901 857 3916 .
903 3903 910 3918 .
935 3873 970 3896 =
993 3849 1038 3916 ov.
1063 3850 1100 3932 n,
1123 3854 1164 3914 cr
1187 3871 1218 3935 p.
1242 3853 1305 3914 202

375 4055 394 4125 ¹)
413 4057 534 4125 Usurpat
551 4056 690 4110 adiectiva
706 4054 778 4119 λιτάς,
798 4049 909 4119 εὐτελής,
928 4054 1058 4123 σώφρων,
1077 4071 1146 4121 quae
1163 4054 1191 4106 iu
1208 4053 1292 4107 Paed.
1310 4071 1416 4122 qnoque

287 4143 466 4212 reperiuntur.
