3218 4896
651 314 861 376 -15-

192 516 277 574 certo
301 507 458 573 affirmare
481 506 612 574 audebit
634 503 828 570 Clementem
860 521 917 568 sua
944 523 984 566 ex
1011 499 1156 586 Epicteto
1184 503 1319 562 transtu-

191 613 276 678 lisse.
322 610 397 677 ldec
431 611 572 694 integros
606 606 777 674 Clementis
809 605 897 671 locos
932 604 1069 685 exhibui,
1103 610 1138 667 ut
1170 608 1320 686 appareat

192 716 371 780 intricatam
395 735 466 782 esse
494 713 709 797 quaestionem
737 715 768 775 et
794 707 970 774 cavendnm
999 726 1070 774 csse
1103 726 1143 771 ne
1177 725 1320 771 secamus

191 820 296 903 potius
319 817 438 884 nodum
468 836 560 901 quam
589 815 758 881 solvamus.
802 811 936 878 Multum
965 809 1070 875 differt
1102 807 1186 895 apud
1220 807 1319 872 Clam.

190 921 214 1003 Ι,
238 923 279 984 88
303 921 530 988 sententiarum
553 919 651 986 series
674 925 706 982 et
728 916 920 982 continuatio
940 913 980 979 ab
996 913 1154 999 Epicteto;
1171 910 1229 978 sed
1243 911 1320 976 mihi
1349 971 1351 976 ,

193 1025 318 1108 quidem
344 1025 519 1108 elegantior
541 1043 612 1089 esse
634 1020 756 1087 videtur
779 1040 873 1105 quam
896 1027 930 1084 ut
952 1037 993 1084 ex
1008 1016 1179 1084 Clementis
1193 1017 1320 1098 ingenio

193 1127 329 1214 Epicteti
353 1129 485 1209 vestigia
506 1127 641 1210 legentis
663 1125 763 1210 possit
784 1123 926 1210 proiecta
949 1141 1029 1188 esse.
1071 1120 1166 1186 Dicet
1192 1119 1319 1203 aliquis:

193 1231 242 1296 An
265 1239 297 1296 tu
328 1251 439 1298 censes
462 1229 641 1316 Epictetum
669 1228 813 1294 hausisse
841 1247 882 1292 ex
909 1225 1021 1292 eodem
1054 1224 1139 1288 unde
1174 1222 1320 1288 Clemens

192 1335 298 1400 hausit
319 1333 428 1400 fonte?
473 1332 586 1399 Adhuc
619 1353 686 1397 rem
719 1333 752 1396 in
790 1329 884 1396 dubio
921 1329 1107 1424 relinquam,
1145 1326 1219 1392 dum
1257 1327 1321 1391 alia

194 1438 349 1503 accedant
382 1443 577 1520 argumenta.
622 1434 769 1501 Forsitan
797 1434 910 1518 aliquis
939 1437 1059 1499 statuat
1081 1431 1219 1497 Stoicum
1249 1430 1319 1496 Cle-

165 1540 168 1545 ’
192 1543 308 1606 mentis
331 1547 491 1607 auctorem
514 1539 554 1605 ab
570 1537 715 1624 Epicteto
739 1537 893 1623 penderc3
915 1535 998 1602 infra
1020 1534 1062 1600 ad
1085 1535 1167 1601 hanc
1183 1536 1319 1619 quaesti·

192 1664 285 1708 onem
313 1642 430 1709 redibo.
476 1643 545 1709 Hoc
573 1643 679 1726 utique
707 1661 770 1708 non
798 1638 1062 1726 praetereundum
1082 1645 1131 1706 est
1156 1639 1319 1725 permultis

193 1746 263 1812 aliis
286 1747 361 1813 locis
382 1745 576 1812 Clementem
600 1744 731 1812 easdem
746 1744 900 1831 praebere
920 1744 1092 1810 sententias
1108 1749 1201 1827 atquc
1224 1740 1319 1827 Epic·

191 1856 287 1914 tetum
312 1849 361 1915 vel
389 1850 484 1914 etiam
507 1847 642 1914 eandem
665 1848 892 1914 sententiarum
915 1848 1040 1929 seriem,
1062 1846 1116 1911 ubi
1139 1845 1321 1931 discrepant

191 1952 326 2034 verba.¹)
372 1951 428 2018 His
456 1952 534 2018 locis
561 1953 587 2018 si
616 1953 685 2036 quis
713 1951 799 2017 dicat
827 1950 1021 2016 Clementem
1049 1948 1155 2016 adisse
1183 1949 1319 2035 Epicteti

192 2055 440 2139 dissertationes,
471 2075 535 2122 non
562 2056 639 2122 satis
666 2055 784 2139 cogitet
811 2053 893 2121 banc
922 2074 1121 2120 communem
1151 2053 1319 2119 multorum

190 2160 284 2244 primi
308 2159 426 2225 saeculi
449 2158 624 2226 Stoicorum
647 2157 825 2226 doctrinam
848 2159 945 2224 fuisse
968 2177 1070 2242 neque
1092 2158 1174 2224 hauc
1196 2158 1318 2243 opinio-

78 2331 83 2340 ,
190 2282 263 2328 nem
291 2263 393 2348 possit
425 2261 594 2328 conciliare
628 2282 699 2328 cum
735 2261 906 2329 Clementis
939 2263 1061 2328 ratione
1094 2261 1188 2328 solita
1224 2261 1318 2327 verbo

190 2372 280 2432 tenus
304 2374 447 2432 auctores
470 2386 543 2432 suos
566 2366 775 2434 exscribendi.

276 2465 411 2535 Facilior
443 2475 570 2554 praesto
598 2475 646 2535 est
671 2470 762 2535 ratio.
807 2467 961 2534 Adhibuit
995 2467 1142 2534 Clemens
1177 2467 1316 2534 Stoicum

190 2593 291 2658 paene
325 2571 489 2657 aequalem
517 2570 665 2658 Epicteti,
693 2574 744 2656 qui
774 2571 967 2657 persimilem
994 2572 1194 2657 disciplinam
1220 2573 1316 2637 ratio-

189 2696 324 2760 nemque
340 2674 583 2761 philosopbandi
599 2675 857 2761 amplectebatur.
896 2674 1005 2760 Neque
1020 2677 1086 2741 veri
1101 2681 1150 2741 est
1164 2675 1317 2741 dissimile

190 2779 436 2845 coniunctiorem
472 2778 630 2864 quandam
667 2780 820 2846 rationem
858 2780 940 2846 inter
973 2778 1144 2846 Clementis
1178 2779 1316 2846 Stoicum

189 2888 283 2965 atque
320 2880 499 2967 Epictetum
536 2883 762 2950 intercessisse.
812 2883 864 2950 Sic
900 2885 1019 2969 optime
1055 2903 1227 2950 consensus
1263 2884 1317 2948 ille

189 2984 364 3072 explicatur
387 2994 418 3051 et
440 2988 542 3052 omnis
564 2986 732 3055 difficultas
754 2988 883 3054 tollitur.

275 3087 365 3166 Quod
388 3091 414 3155 si
437 3110 544 3156 rernm
569 3098 617 3158 est
632 3129 672 3138 -
689 3113 748 3158 nec
765 3113 874 3159 vereor
890 3113 930 3158 ne
945 3093 1131 3160 temeritatis
1149 3113 1263 3177 arguar
1281 3131 1314 3140 -—

187 3192 251 3256 iam
275 3193 352 3259 satis
375 3193 450 3258 artis
472 3193 587 3259 finibus
610 3196 677 3261 eius
699 3216 791 3279 quern
808 3197 986 3280 quaerimus
1002 3198 1163 3282 scriptoris
1180 3204 1315 3263 aetatem

188 3297 508 3382 circumscripsimus
539 3295 643 3363 Unum
666 3306 765 3364 restat
787 3306 1004 3382 argumentum
1028 3299 1132 3367 adhuc
1154 3302 1315 3385 omissum,

276 3467 293 3534 ¹)
312 3467 346 3521 cf.
365 3467 450 3523 Clem.
468 3467 490 3534 I,
509 3471 525 3521 4
544 3485 569 3538 p.
588 3469 621 3522 99
639 3467 670 3523 Ρ.
690 3473 718 3522 et
735 3469 829 3539 Epict.
843 3470 896 3535 IV,
917 3471 956 3524 12.
977 3471 1017 3536 19,
1036 3471 1119 3524 Clem.
1138 3471 1173 3534 ΙΙ,
1194 3475 1205 3527 l
1226 3490 1252 3543 p.
1268 3474 1315 3527 162

187 3551 217 3606 P.
236 3549 336 3604 dudm
352 3553 407 3624 γάρ
425 3570 461 3614 τις
479 3559 531 3608 etc.
550 3555 641 3624 Epicu.
659 3555 681 3621 I,
700 3557 724 3610 4.
746 3557 784 3620 18,
804 3556 889 3611 Clam.
908 3556 944 3623 ΙΙ,
960 3560 987 3611 ll
1008 3575 1035 3629 p.
1051 3559 1095 3611 171
1117 3558 1161 3625 P.;
1175 3559 1207 3613 55
1225 3577 1251 3629 p.
1265 3559 1313 3613 201

188 3642 318 3704 monetur,
338 3656 371 3692 ue
390 3640 446 3693 cibi
463 3641 665 3711 praeripiantur
683 3641 716 3697 οΙ.
733 3643 824 3712 Epict.
844 3643 922 3698 ench.
943 3645 975 3698 15
994 3643 1079 3699 Clem.
1097 3643 1162 3709 Il,5
1181 3662 1207 3714 p.
1222 3646 1271 3699 166
1282 3645 1314 3699 Ρ.

187 3725 275 3795 Epist.
295 3725 346 3791 III,
364 3727 406 3795 26,
423 3727 499 3792 2-6,
520 3726 605 3783 Clam.
623 3728 675 3796 ΙΙΙ,
696 3731 724 3782 11
744 3745 771 3800 p.
786 3729 836 3784 258
855 3731 888 3785 Ρ.
906 3730 994 3802 Epist.
1013 3730 1141 3796 ΙΠ,1,2.
1171 3729 1316 3785 Simillima

187 3814 257 3879 sunt,
282 3829 351 3881 qnae
375 3816 488 3882 uterque
513 3813 547 3866 de
570 3815 658 3868 herba
677 3830 810 3885 comaque
829 3815 928 3870 alenda
944 3817 1077 3888 disputat,
1097 3817 1182 3872 Clam.
1201 3819 1254 3882 ΙΙΙ,
1274 3819 1313 3872 18.

190 3899 219 3950 19
238 3915 263 3968 p.
282 3899 333 3952 263
352 3900 384 3952 Ρ.
407 3900 447 3952 61.
466 3900 498 3952 62
517 3915 543 3969 p.
557 3900 608 3954 290
625 3900 655 3954 Ρ.
674 3900 764 3971 Epict.
782 3902 834 3966 ΙΙΙ,
855 3906 877 3966 1,
896 3903 928 3955 27
948 3919 988 3970 sq.
1003 3902 1024 3968 1,
1044 3904 1084 3966 16,
1106 3904 1137 3957 13
1155 3918 1202 3968 eo,
1222 3903 1313 3972 impri-

186 3984 238 4036 mis
257 3983 340 4038 Clem.
359 3984 409 4049 ΙΙΙ,
428 3986 459 4038 21
479 4002 505 4055 p.
524 3987 574 4039 264
592 3985 622 4040 Ρ.
641 3985 672 4037 aa*
690 3989 829 4055 γυναικοῖν
846 3989 873 4040 οἱ
888 3987 987 4058 ἄνδρες
1008 3987 1180 4041 πεπόνθασιν
1201 3988 1247 4040 καὶ
1265 4008 1313 4058 yo-

186 4076 276 4129 ναῖκες
294 4064 462 4140 α’νδρίζονται
480 4071 556 4140 napa
575 4071 660 4142 φύσιν
677 4113 683 4126 .
703 4114 709 4127 .
729 4113 735 4127 .
755 4072 848 4126 16τοῦ
866 4073 1017 4128 ἑλεεινοῦ
1034 4073 1202 4143 θεάματος
1224 4076 1315 4146 Epioe.

185 4156 237 4220 ΙΙΙ,
258 4158 279 4221 Ι,
298 4157 331 4210 28
355 4155 432 4218 δείξω
454 4155 521 4226 ὑμῖν
549 4157 646 4229 ἄνδρα,
675 4155 702 4218 ὃς
724 4156 800 4213 θέλει
826 4161 930 4230 μᾶλλον
957 4160 1024 4230 γυνή
1047 4155 1119 4214 εἶναι
1140 4159 1156 4224 ἢ
1178 4155 1247 4231 ἀνήρ
1265 4162 1313 4216 ,αἲ

187 4239 299 4294 δεινοῦ
321 4241 499 4312 θεάματος.
