3218 4896
647 296 859 358 -31-

189 485 221 546 τί
243 483 382 546 ποτόὖν
403 483 561 546 διώκεται
582 483 623 545 τά
644 483 735 545 σπά-’
779 479 821 562 ΙΙ,
838 483 899 544 115
922 500 952 565 p.
969 482 1032 545 239
1054 480 1088 545 P.
1112 482 1141 545 τί
1163 481 1239 545 ποτ’
1262 483 1332 566 οὖν,

190 595 242 676 νια
274 588 330 650 καὶ
362 588 539 678 πολυτελῆ
573 588 633 674 πρὸ
664 593 729 650 τῶν
768 573 922 648 διώκετε
943 586 984 646 τά
1003 590 1126 649 σπάνια
1144 587 1200 650 καὶ
1214 587 1317 650 πολο-

190 694 224 757 ἐν
259 696 352 779 με’σιρ
386 693 531 755 καὶτῶν
560 691 727 776 εὐτε.λιῑ>ν;
779 691 865 773 τελὴ
892 690 953 777 πρὸ
981 696 1046 752 τιῖιν
1073 691 1108 754 ἐν
1141 694 1235 777 μέσῳ
1267 693 1319 754 καὶ

190 800 242 862 ὅτι
283 802 459 881 ἀγνοεῖται
495 799 532 859 τά
567 798 646 860 καλά
681 798 728 859 καὶ
779 801 844 857 τῶν
881 794 1047 877 εὺτελιῖινς
1085 798 1134 859 ὅτι
1168 800 1318 882 ἀγνοεῖτε

156 952 160 960 ,
189 905 303 987 τάγαθά
330 904 386 965 καὶ
418 902 493 964 ἀντὶ
523 908 590 963 τῶν
623 904 727 964 ὄντων
779 901 810 962 τὸ
845 902 934 970 ὄντως
965 901 1055 963 καλὸν
1087 903 1134 964 καὶ
1166 903 1198 965 τὸ
1229 905 1319 973 ὄντως

189 1010 230 1070 τά
277 1009 444 1071 δοκοῦντα
491 997 728 1077 σπουδάζεται
780 1005 888 1089 ἀγαθὸν
922 1006 978 1068 καὶ
1011 1006 1083 1068 ἀντὶ
1115 1009 1318 1071 τῶνόντων

190 1115 279 1200 παρά
302 1119 372 1182 τοῖς
394 1115 564 1196 ἀνοήτοις·
581 1111 676 1198 ὥσπερ
691 1111 727 1195 δὴ
779 1112 820 1172 τά
842 1111 1007 1173 δοκοῦντα
1021 1113 1112 1198 παρά
1125 1120 1196 1183 τοῖς
1215 1116 1317 1197 ἀνοή-

189 1218 237 1281 καὶ
280 1218 305 1279 οἱ
348 1220 546 1299 μαινόμενοι
589 1216 728 1286 πολλάκις
759 1237 844 1284 ’τοις
866 1217 1096 1291 σπουδάζετε,
1121 1215 1149 1277 οἳ
1171 1224 1241 1286 τοῖς
1263 1240 1317 1300 με·

189 1323 296 1385 λευκά
322 1324 362 1384 τά
389 1322 523 1403 μέλανα
556 1322 725 1403 νομίζουσιν,
779 1324 925 1402 μηνόσιν
962 1318 1005 1383 ἐπ’
1040 1324 1107 1405 ἴσης
1142 1323 1179 1383 τά
1211 1323 1318 1386 λεοκά

190 1430 268 1489 ἄνοια
291 1425 321 1488 δὲ
344 1427 446 1509 μανίας
467 1427 692 1508 συγγενέστατον.
779 1425 821 1495 ὡς
842 1427 975 1509 μέλανα
998 1432 1200 1513 φαντάζονται.

277 1546 382 1611 Rebus
405 1547 548 1612 venereis
571 1545 652 1611 Mus.
677 1551 762 1612 vetat
776 1548 821 1611 uti
837 1548 897 1613 nisi
912 1549 945 1611 in
961 1548 1161 1612 matrimonio
1178 1546 1277 1630 (Stob.
1295 1544 1317 1626 Ι,

191 1651 253 1714 154
269 1649 315 1714 tit.
332 1649 413 1729 6‚-61
429 1645 527 1712 Clem.
543 1646 580 1730 Π,
597 1668 623 1714 ο.
643 1647 706 1731 10).
730 1647 799 1714 Ηοο
814 1649 920 1733 utique
936 1649 1110 1715 ineundum
1125 1656 1188 1715 est:

189 1751 268 1820 Μαι.
293 1800 300 1815 .
326 1751 510 1833 ,νομοθέται
531 1800 538 1813 .
564 1801 570 1815 .
597 1801 603 1813 .
627 1758 730 1822 πάντες
753 1749 756 1836 Ι
779 1750 818 1833 Π,
833 1753 883 1815 ’95
910 1754 973 1815 227
999 1751 1034 1818 Ρ.
1057 1753 1234 1836 πληθύνεσ
1260 1752 1318 1814 θαι

180 1853 411 1942 ’συμφορώτατον
444 1854 496 1938 μὲν
528 1863 589 1926 ταῖς
615 1858 729 1920 πολεσιν
778 1857 832 1941 γάρ
877 1856 906 1941 (ὁ
942 1857 1048 1944 κύριος)
1093 1857 1223 1940 βούλεται
1266 1855 1318 1940 τὴν

189 1960 319 2043 ἐνόμισαν
342 1960 373 2023 τὸ
397 1961 638 2044 πληθύνεσθαι
663 1961 729 2032 τοὺς
780 1961 999 2046 ἀνθρωπάτητα,
1020 1963 1060 2026 83
1075 1963 1129 2046 τῆς
1143 1968 1193 2024 τοῦ
1215 1961 1318 2030 παντὸς

189 2071 246 2126 τῶν
264 2065 395 2128 ,πολιτῶν
418 2065 519 2134 οἴκους.
566 2065 652 2133 Stob.
676 2064 727 2146 ΙΙΙ,
779 2066 946 2149 διαμονῆς
987 2084 1083 2131 eausa
1118 2066 1209 2131 liberi
1246 2070 1319 2130 sunt

190 2171 241 2248 74,
264 2167 315 2248 ΙΙΙ,
339 2171 359 2247 5
382 2169 413 2232 οὐ
435 2173 488 2258 γάρ
516 2172 550 2232 ἂν
577 2171 727 2252 διαμένοι
773 2169 976 2254 procreandi.

190 2291 288 2353 genus
312 2271 483 2338 humanum
506 2279 566 2339 ete.
611 2273 669 2339 Est
691 2279 796 2338 autem
824 2272 1059 2336 matrimonium
1087 2270 1146 2354 βίου
1172 2271 1219 2332 καὶ
1241 2272 1317 2355 μενέ-

190 2398 264 2446 σεαις
285 2377 390 2439 παίδων
412 2379 541 2440 κοινωνίά
565 2376 664 2464 (Stob.
688 2374 740 2457 ΙΠ,
763 2374 805 2438 26
829 2374 868 2440 ef.
892 2373 991 2440 (ilem.
1015 2373 1052 2455 ΙΙ,
1076 2377 1116 2438 83
1140 2395 1170 2459 p.
1186 2376 1251 2438 220
1266 2373 1316 2456 P.)

190 2477 298 2563 ltaque
322 2482 459 2546 maxime
481 2487 617 2566 peceant
640 2498 719 2563 quae
735 2484 906 2561 conceptae
921 2475 1090 2542 liberorum
1108 2497 1180 2561 spes
1196 2465 1318 2541 elidunt

190 2581 224 2664 (Ι.
247 2582 268 2646 l.
291 2602 321 2666 p.
347 2586 397 2648 74.
423 2583 484 2647 129
508 2583 554 2648 Gi.
578 2581 615 2663 Π,
640 2581 705 2663 96).
743 2577 855 2644 Libido
879 2579 962 2643 enim
979 2578 1176 2665 propagandi
1192 2581 1317 2672 generis
1375 2645 1378 2651 .

189 2703 286 2749 eausa
308 2683 426 2749 homini
452 2685 527 2750 data
549 2691 606 2750 est.
1235 2733 1237 2736 -

189 2785 285 2852 Mus..
299 2836 306 2850 .
318 2790 355 2850 τά
367 2789 398 2851 δέ
409 2811 440 2872 με
452 2789 558 2874 ἡδονὴν
570 2789 728 2877 θηρώμενα
780 2783 878 2849 Glem.
895 2782 932 2864 ΙΙ,
945 2785 986 2847 92
998 2804 1028 2869 p.
1041 2786 1103 2848 255
1117 2784 1149 2851 P.
1172 2785 1242 2870 ψιλὴ
1264 2787 1317 2874 γάρ

190 2891 276 2976 ψιλὴν
303 2893 385 2956 ἄδικα
410 2895 457 2956 καὶ
483 2901 648 2982 παράνομα,
675 2895 727 2954 κάν

190 2995 219 3057 ἐν
234 3001 316 3081 μάμιρ
333 3000 353 3080 ᾖ
370 2997 392 3078 Ι,
410 3001 471 3063 155
488 2995 610 3075 Quanto
627 2997 727 3078 magis
778 2995 942 3079 παράνομός
975 2993 1032 3055 ἐστι
1065 2993 1112 3055 καὶ
1146 2995 1240 3066 ἄδικος
1272 2997 1319 3058 καὶ

189 3099 431 3186 improbandum
455 3108 503 3166 est
525 3100 727 3179 adulterium
780 3099 893 3180 ἄλογος.
917 3095 1052 3162 Student
1066 3099 1200 3164 arbitros
1217 3101 1316 3184 stupri

190 3201 273 3285 quod
296 3203 347 3286 qni
369 3208 561 3286 perpetrant,
581 3201 728 3268 tenebras
780 3220 941 3267 removere
965 3199 1136 3284 oculosque
1156 3201 1317 3266 hominum
1375 3250 1378 3255 .
1463 3218 1466 3223 ·

190 3309 345 3388 quaerunt
359 3304 421 3389 ipsi
432 3305 560 3370 seelerie
576 3304 634 3370 sibi
651 3323 726 3368 eon·
779 3305 895 3386 fugere.
908 3303 1017 3365 καίτοι
1032 3307 1068 3366 τό
1083 3327 1118 3388 με
1133 3305 1318 3390 πειρᾶσθαι

190 3407 260 3471 seii:
287 3409 396 3470 καίτοι
422 3410 459 3468 τό
485 3425 520 3490 te
546 3407 727 3495 πειρᾶσθαι
778 3407 984 3482 λανθάνειν,
1022 3405 1139 3493 ε’φόἶς
1174 3414 1318 3496 πράττει

188 3508 390 3586 λανθάνειν,
427 3511 482 3598 ἐφ’
509 3513 557 3582 οἷς
586 3519 727 3600 πράττει
779 3533 841 3585 τις,
878 3512 1130 3595 ὁμολογοῦντος
1164 3515 1316 3602 ἁμαρτά-

187 3635 250 3690 τις,
278 3618 484 3700 ὁμολογοῦντος
516 3619 726 3704 ἁμάρτάνειν
779 3640 846 3681 νειν
873 3617 973 3680 ἐστίν.
1001 3626 1066 3687 πάς
1091 3616 1126 3679 δὲ
1149 3619 1185 3687 ὃς
1207 3621 1316 3706 ἁμαρ-

188 3718 267 3782 ἐστί.
300 3719 492 3806 respondeat
518 3720 645 3802 aliquis:
675 3722 726 3803 qui
779 3727 884 3797 τάνει,
912 3722 967 3784 καὶ
994 3723 1102 3784 ἀδικεῖ
1129 3721 1233 3793 εὐθὺς
1265 3723 1318 3809 οὐχ

188 3829 351 3894 meretrice
371 3829 476 3907 utitur,
501 3829 530 3892 is
548 3829 625 3893 nulli
652 3829 728 3893 feeit
779 3827 869 3896 οὗτος
894 3827 942 3888 τὸν
969 3828 1088 3903 πέλας,
1123 3831 1157 3889 ἂν
1188 3829 1318 3913 μοιχεὺιρ,

185 3929 342 3995 iniuriam.
396 3929 453 4014 ἐμὶν
497 3930 527 3994 δὲ
571 3932 630 4018 ἔχω
675 3932 726 4015 μὲν
780 3931 820 4001 ὡς
842 3932 950 4007 ἑαυτόν,
974 3933 1013 3994 ὅτι
1029 3933 1221 4018 μεμοὶχεοκεν,
1238 3933 1317 3994 άλλά

187 4031 278 4116 λέγειν
315 4031 356 4102 ὡς
391 4045 455 4106 πᾶς
491 4037 584 4106 ὅστις
617 4039 725 4125 ἁμαρ·
779 4043 914 4106 πάντως
943 4036 1043 4100 αὑτὸν
1065 4039 1205 4124 χείρονα
1233 4040 1315 4100 ἀπο-

92 4145 96 4151 “
187 4143 292 4213 τάνει,
326 4138 382 4200 καὶ
413 4140 519 4202 άδικεῑ
553 4142 668 4217 εὐθὺς,
703 4144 727 4204 εἰ
780 4143 892 4228 φαίνει
914 4142 969 4204 καὶ
991 4145 1201 4228 ἀτιμότερον·
1225 4143 1316 4230 ὀράρ
