3218 4896
652 241 927 340 --1o--x

193 460 314 526 ratione
347 466 469 528 rectum
503 469 534 527 et
566 460 735 528 ideoneum
768 461 851 530 hune
886 463 1029 530 habitum
1066 485 1137 532 esse
1173 465 1322 533 ostendit

191 563 310 630 Iniuria
331 563 462 631 Lueiani
487 564 624 650 Gynioue
645 586 820 652 pauperem
846 587 881 633 se
907 568 1065 634 nominari
1092 567 1182 649 dioit;
1216 571 1324 636 omnie

192 667 251 732 sibi
285 673 464 752 suppetere,
502 667 614 750 quibus
646 667 795 752 indigeat.
841 668 877 734 ld
914 670 998 735 enim
1035 672 1204 755 unicuique
1233 671 1321 738 suffi-

192 789 264 834 cere
287 767 413 851 debere,
442 768 525 852 quod
549 768 705 836 desiderio
728 772 864 837 naturali
886 780 918 838 et
932 774 1123 848 „necessitati
1147 773 1323 841 satisfeoiet

192 871 236 954 (o.
271 872 290 934 3
323 873 390 958 ὅπερ
424 874 458 936 ἂν
491 861 633 956 εἘικνήται
669 874 738 960 πρὸς
774 874 827 958 τὴν
864 875 969 964 ἐκείνου
1003 878 1120 964 χρείαν
1154 878 1216 939 κτλ.
1256 880 1321 942 (1.7

115 987 117 991 ’
190 974 294 1046 ἱκανῶς
315 976 382 1062 ἔχον
404 977 474 1064 πρὸς
496 976 548 1061 τὴν
570 977 689 1064 χρείαν
712 977 751 1043 σ1.
776 999 872 1064 eupre
893 1001 923 1066 p.
948 982 993 1064 4).
1040 980 1132 1047 Velut
1154 979 1266 1048 domus
1289 984 1322 1044 et

190 1080 286 1146 vestie
307 1080 437 1147 inventu
458 1090 531 1147 sunt
557 1084 665 1166 σκέπης
693 1083 777 1145 ἕνεκα
803 1081 846 1164 (o.
870 1085 900 1164 4,
923 1082 1008 1150 idem
1031 1081 1129 1148 Clem.
1152 1081 1181 1148 Π
1204 1083 1266 1147 106
1289 1102 1319 1166 p.

190 1182 253 1244 233
275 1181 310 1246 P.
336 1183 397 1247 109
419 1204 450 1268 p.
474 1186 537 1248 235
559 1179 620 1271 Ρ.).
655 1185 724 1251 Sint
746 1205 823 1251 sane
839 1184 931 1263 viles;
955 1203 1059 1250 nonne
1075 1182 1211 1252 eundem
1227 1205 1319 1270 prae·

190 1283 266 1348 beot
287 1304 379 1350 usum
395 1302 487 1368 quem
503 1286 683 1370 pretiosae?
718 1287 850 1372 Semper
872 1284 951 1351 haee
973 1287 1018 1352 itu
1040 1284 1222 1352 adhibenda
1236 1293 1318 1367 sunt,

190 1385 266 1448 ὥστε
288 1389 400 1470 ἄμεινον
424 1388 497 1474 έχειν
520 1391 552 1452 τὸ
574 1394 761 1473 οκεπόμενονς
779 1388 817 1457 of.
836 1387 934 1453 Glem.
946 1385 983 1468 ll,
997 1388 1058 1451 115
1074 1408 1104 1473 p.
1118 1389 1181 1452 239
1196 1387 1243 1468 R,
1267 1388 1319 1453 ubi

189 1490 235 1556 sio
260 1491 379 1566 scribo:
413 1494 454 1556 δεῖ
481 1493 512 1557 δέ
534 1498 589 1580 τῆς
612 1498 729 1580 σκέπης,
754 1495 839 1577 οἶμαι,
864 1491 932 1554 αὐτὸ
954 1498 1078 1577 κρεῖττον
1102 1492 1264 1578 ἀποφαίνειν
1286 1491 1318 1554 τί

188 1598 369 1677 σκεπόμενον.
398 1597 494 1664 Porro
507 1598 606 1684 pedes
618 1601 754 1686 optimos
765 1617 837 1664 esee
848 1615 913 1677 eos,
926 1596 977 1678 qui
990 1595 1108 1680 optime
1119 1615 1250 1661 munere
1262 1615 1318 1661 suo

187 1697 368 1781 funguntur.
401 1698 514 1767 Nonne
529 1701 631 1768 nudos
646 1701 745 1788 perles
769 1700 894 1784 egregie
917 1716 973 1764 suo
989 1697 1094 1763 officio
1110 1695 1220 1779 iungi?
1243 1698 1318 1779 (σ.4

189 1801 228 1866 ο1.
253 1800 351 1868 (ilem.
374 1801 412 1885 11,
429 1806 491 1867 117
514 1825 544 1890 p.
562 1805 646 1886 240).
682 1803 818 1870 Omnino
841 1808 941 1866 totum
964 1820 1054 1866 suum
1077 1818 1190 1884 oorpue
1206 1800 1317 1866 melius

188 1924 223 1968 ee
256 1903 372 1970 habere
405 1926 500 1990 quem
532 1907 762 1973 luxuriosorum
789 1904 951 1970 hominum
978 1901 1017 1967 of.
1048 1899 1147 1966 Clem.
1173 1900 1210 1983 Π,
1238 1905 1258 1966 5
1285 1923 1316 1989 p.

188 2007 250 2070 166
274 2005 307 2071 Ρ.
352 2004 462 2091 Neque
485 2015 575 2084 reete
593 2008 653 2074 sibi
676 2008 759 2073 obioi
774 2005 851 2071 dioit
866 2003 993 2070 stultum
1018 2022 1098 2084 esse,
1123 2023 1194 2069 oum
1210 2007 1318 2070 omnie

186 2128 207 2172 a
229 2107 289 2174 deo
311 2109 344 2173 in
366 2110 528 2176 hominum
551 2132 640 2177 usum
664 2110 809 2176 instituta
830 2109 902 2188 sint,
931 2107 976 2172 eis
1004 2125 1084 2189 qnae
1106 2114 1253 2193 prompte
1275 2128 1314 2174 ao

89 2220 94 2228 '
186 2218 298 2294 perata
319 2212 382 2276 sint
404 2231 466 2277 non
490 2213 545 2278 uti.
580 2211 711 2278 Minime
734 2212 817 2277 enim
841 2211 873 2273 in
896 2208 988 2273 unius
1004 2227 1095 2274 usum
1110 2210 1217 2274 omnia
1231 2208 1316 2276 foeta

186 2333 257 2376 esse
286 2312 326 2376 ol.
354 2311 451 2378 Clem.
479 2312 516 2396 Η,
541 2315 603 2378 120
630 2335 661 2400 p.
688 2315 761 2379 242.
794 2312 857 2375 243
883 2308 919 2373 Ρ.
948 2310 988 2372 76
1016 2330 1045 2393 p.
1068 2311 1131 2373 215
1156 2309 1188 2376 P.
1234 2310 1316 2388 Quot

185 2433 285 2498 porro.
307 2414 459 2480 melorum
487 2436 584 2482 oause
608 2417 733 2481 luxurie
759 2411 850 2495 est¹)l
888 2412 935 2475 καί
965 2419 1055 2475 ταῦτα
1082 2415 1184 2495 μέντοι,
1213 2413 1314 2497 inquit

185 2535 212 2580 ε.
241 2517 270 2596 9,
299 2522 390 2604 ποίντα
416 2519 533 2602 ρίρνεται
555 2526 612 2582 των
634 2541 665 2582 τε
688 2519 820 2582 ποικίλων
843 2517 959 2600 ἱματίων
974 2516 1054 2580 οὐδέν
1068 2538 1093 2579 τι
1108 2517 1221 2600 μᾶλλον
1236 2517 1312 2579 δαλ-

185 2641 242 2682 πειν
269 2622 431 2705 δυναμένων
460 2672 467 2687 .
502 2672 509 2688 .
539 2673 546 2686 .
578 2672 585 2687 .
614 2631 670 2686 των
698 2622 729 2686 δέ
755 2623 965 2705 ἐκπωμάτων
992 2628 1057 2684 τῶν
1085 2623 1239 2708 &propior
1263 2620 1313 2684 οὐκ

185 2723 374 2810 ὠφελούντων
397 2729 444 2791 τὸν
467 2733 551 2792 πότον
566 2728 630 2792 οὐδέ
645 2735 702 2792 τίον
724 2734 860 2814 χρυσῶν
882 2725 941 2790 οὐδ’
954 2726 990 2789 αὖ
1004 2733 1061 2789 τῶν
1077 2726 1312 2812 ἐλεφαντίνων

183 2831 309 2910 κλινῶν
331 2833 379 2894 τὸν
403 2833 492 2916 ὕπνον,
509 2834 581 2917 ἡδίω
607 2835 809 2919 παρεχομένων
833 2879 840 2894 .
866 2880 873 2894 .
899 2880 906 2893 .
932 2829 1046 2914 ὅτιμὲν
1072 2833 1125 2918 ροίρ
1155 2832 1184 2893 αἱ
1209 2853 1311 2894 παντο-

183 2933 268 2996 δαπαί
294 2937 355 3023 περί
384 2939 420 3000 τοί
447 2938 585 3026 βρώματα
611 2944 795 3024 πραρματείαι
822 2938 954 3023 τρέφουσι
987 2934 1039 3018 μέν
1073 2935 1152 2999 οὐδέν
1186 2937 1310 3018 μᾶλλον,

182 3039 362 3123 λυμαίνονται
384 3041 415 3106 δέ
438 3046 474 3106 τοί
496 3046 618 3126 σώματα
640 3043 688 3104 καί
709 3051 767 3111 τοῖς
789 3044 901 3125 σώμασι
924 3045 1025 3111 νόσους
1046 3041 1197 3124 ἐμποιοῦσι,
1222 3043 1247 3103 τί
1270 3042 1311 3104 δεῖ

181 3144 287 3227 λέμειν;
313 3144 411 3210 Olem.
426 3145 464 3228 ll,
481 3149 521 3210 37
537 3166 567 3230 p.
584 3147 645 3210 190
661 3145 694 3209 P.
719 3144 775 3228 ἐγὼ
797 3147 829 3209 δέ
845 3168 918 3232 φημι
933 3147 980 3207 καί
1001 3153 1050 3208 τοῦ
1066 3146 1217 3228 σκίμποδος
1231 3143 1310 3208 οὐδὲν

184 3386 223 3437 ll.
248 3386 288 3440 15.
311 3387 335 3438 8.
361 3383 503 3437 Postremo
527 3384 618 3454 eapite
640 3382 778 3455 vituperet
800 3382 931 3448 homines,
954 3383 1027 3452 quod
1055 3387 1142 3436 terres
1170 3383 1309 3452 muriaque

181 3473 343 3533 scrutentur,
370 3473 401 3521 ut
426 3467 581 3536 voluptates
608 3468 688 3536 gulae
715 3468 836 3537 undique
865 3467 961 3534 (Glem.
985 3467 1014 3522 Il
1037 3468 1053 3521 3
1076 3484 1102 3537 p.
1124 3469 1172 3521 164
1190 3468 1233 3534 Ρ.)
1257 3467 1309 3521 eibi

180 3553 340 3622 conquirunt
356 3553 388 3605 τα·
406 3551 495 3614 ξενικοὶ
513 3554 567 3604 τῶν
584 3550 743 3622 ἐπιχωρίων
765 3547 809 3605 ἀεὶ
832 3553 1010 3622 προτιμῶντες
1031 3551 1077 3604 καί
1100 3551 1131 3606 τοί
1153 3553 1309 3615 πολυτελῆ

178 3639 233 3690 τοῖν
254 3633 396 3692 εὐτελῶν
417 3635 463 3689 καί
485 3634 516 3689 τοί
537 3636 696 3707 togatorum
718 3639 772 3690 rein
789 3633 962 3706 εὐπορίστων,
985 3638 1069 3691 Olem.
1090 3637 1125 3701 ΙΙ,
1147 3639 1195 3691 115
1213 3654 1239 3707 p.
1258 3639 1308 3692 239

180 3725 212 3778 P.
234 3723 260 3776 τί
281 3723 339 3775 ποτ’
362 3716 411 3776 στίν
433 3721 541 3775 διώκετε
561 3721 594 3774 τοί
616 3722 718 3775 σπάνια
739 3721 786 3774 καί
803 3723 963 3786 πολυτελῆ
980 3722 1033 3791 πριί
1051 3724 1106 3774 τῶν
1122 3719 1245 3792 ἐνμέσῳ
1262 3720 1308 3774 καί

178 3810 232 3859 τῶν
248 3804 389 3861 εὐτελῶν
412 3807 447 3870 ΙΙ,
468 3809 513 3861 121
535 3824 561 3877 p.
580 3809 631 3862 243
648 3808 680 3863 Ρ.
700 3809 731 3863 15
749 3824 776 3877 p.
798 3809 846 3862 174
863 3807 895 3862 Ρ.
914 3809 947 3862 38
965 3825 991 3877 p.
1012 3809 1061 3862 190
1079 3809 1111 3862 P.
1139 3807 1204 3886 Irpe.
1223 3823 1247 3861 o.
1268 3809 1307 3862 17.

178 3895 194 3946 9
213 3899 304 3947 vestes
322 3893 414 3947 colore
431 3893 536 3947 tinotue
553 3892 701 3947 reioiuutur
719 3896 749 3946 ut
767 3893 839 3962 apud
859 3893 943 3948 Glem.
961 3893 998 3956 Il,
1019 3894 1068 3948 108
1086 3909 1112 3962 p.
1130 3894 1181 3947 234
1198 3893 1229 3947 Ρ.

268 3981 285 4044 ¹)
305 3977 395 4031 Affert
408 3977 453 4032 e.8
463 3977 606 4048 Eriphylen
617 3978 778 4046 exemplum,
789 3977 861 4046 quod
871 3994 921 4047 per
929 3977 1167 4047 interpolationem
1178 3976 1307 4030 insertum

178 4079 238 4116 esee
257 4078 336 4130 nego,
355 4063 419 4131 quie
437 4061 569 4116 sollemne
588 4066 631 4116 eet
650 4061 726 4126 (Seu.
747 4062 780 4114 de
799 4063 915 4114 matrim.
935 4063 967 4114 66
985 4061 1087 4124 Ηαεεε,
1106 4061 1197 4130 Epiet.
1216 4061 1253 4124 Il,
1265 4063 1305 4127 22,

177 4149 209 4201 32>
229 4150 288 4201 Iov,
308 4147 359 4212 Vl,
378 4147 438 4215 655)
463 4150 492 4200 et
510 4146 646 4201 invenitur
664 4145 736 4216 apud
756 4147 844 4216 ipsum
864 4144 1031 4200 Clementem
1050 4145 1085 4210 11,
1107 4147 1154 4198 109
1173 4162 1199 4216 p.
1213 4147 1263 4202 236
1276 4146 1306 4202 Ρ.

410 4253 414 4262 .
1117 4230 1150 4283 2*
