3218 4896
752 269 966 334 ..20-

295 460 385 521 κακίω
407 459 600 544 παρεχομένου
624 457 787 521 κατάκλισιν
816 456 870 539 τῆς
897 455 1132 542 ἐλεφαντίνης
1154 457 1291 540 κλίνης,
1319 456 1373 540 της
1395 455 1426 520 δὲ

295 564 410 649 σισύρας
432 563 610 645 ίκανωτάτης
632 563 721 644 οὔσης
744 559 951 646 ὑπεστρῶσθαι,
976 559 1051 624 ὥστε
1074 561 1115 644 μὴ
1138 562 1248 626 δεῖσθαι
1270 561 1425 647 φοινικίδων

220 668 224 676 ’
296 669 315 751 ἡ
333 667 523 755 πορφυρίδων,
540 666 735 750 κατεηνῖοσίίαι
758 666 837 747 ὅμως
859 671 915 747 της
936 664 1079 735 εὐτελείας
1101 661 1135 729 δι’
1159 665 1325 754 ἀβελτερίαν
1340 669 1425 754 ἀρχε-

295 779 383 836 κοίκου
409 773 530 858 τρυφῆς,
554 771 596 833 36
619 791 649 856 p.
675 771 736 834 188
760 769 794 834 Ρ.
821 769 1034 853 ἐκπωμάτων
1067 771 1158 834 τοίνυν
1192 773 1338 859 ἀρηίιρου
1372 771 1427 834 καί

295 883 422 966 χρυσοῦ
445 877 639 959 πεποιημένων
663 879 670 936 2
696 922 704 936 .
730 921 737 938 .
763 875 868 946 ἄθετος
890 876 910 958 ἡ
933 877 1036 962 χρῆσις
1058 876 1133 957 κτλ,
1156 875 1177 939 2
1199 897 1230 962 p.
1255 877 1316 939 163
1338 873 1374 940 Ρ.
1398 877 1427 938 αί

296 981 347 1066 μὲν
375 981 423 1044 οίιν
446 981 600 1050 πολυειδεῖς
621 981 768 1062 ποιότητες
791 982 977 1043 οίποπτυστέαι
1005 981 1134 1051 ποικίλας
1160 980 1331 1044 ἐντίκτουσαι
1354 979 1425 1064 βλοί·

297 1087 359 1171 βας,
376 1075 511 1172 καχεξίας
533 1089 686 1167 σωμάτων,
710 1084 731 1145 6
754 1104 784 1168 p.
810 1084 871 1148 166
894 1082 929 1151 P.
953 1084 1014 1148 ἐπεὶ
1035 1084 1110 1169 μηδὲ
1128 1086 1305 1172 ὠφελεῖσθαι
1319 1087 1427 1172 πέφυκε

296 1194 332 1255 τὰ
360 1194 481 1286 σιίρματα
506 1187 539 1254 ἐκ
561 1192 616 1274 τῆς
637 1187 823 1257 πολυτελείας
845 1194 901 1250 τῶν
925 1188 1085 1276 βρωμάτων
1115 1197 1174 1256 etc.
1219 1189 1295 1256 Luc.
1318 1209 1344 1256 o.
1370 1192 1425 1255 10:

297 1295 402 1380 Usque
426 1294 505 1361 adeo
529 1314 632 1359 rerum
654 1311 747 1358 usum
768 1291 913 1359 homines
935 1301 1127 1379 pervertunt,
1150 1300 1185 1359 ut
1206 1312 1263 1378 pro
1280 1293 1426 1358 iumentis

297 1403 424 1462 utantur
457 1397 536 1480 ipsis
570 1394 750 1460 hominibus
784 1393 839 1476 (el.
864 1413 890 1460 o.
915 1397 955 1458 17
985 1393 1082 1462 Clem.
1106 1393 1159 1475 ΙΙΙ,
1186 1397 1228 1459 74
1251 1413 1281 1479 ρ.
1305 1395 1369 1458 296
1391 1393 1425 1458 Ρ.

298 1499 362 1563 οὐδὲ
389 1499 446 1583 μὴν
474 1499 605 1583 καθάπερ
634 1495 793 1578 ὑποζυγίοις
819 1503 878 1567 τοῖς
903 1498 1023 1569 οἰκέταις
1045 1500 1186 1585 χρηστέον
1208 1507 1250 1584 τῷ
1273 1496 1424 1580 ὑηιαίνοντι,

298 1603 349 1683 ΙΙΙ,
373 1605 413 1665 27
437 1623 468 1686 p.
492 1601 555 1664 269
578 1599 640 1682 Ρ.),
663 1603 699 1664 ut
720 1618 815 1665 carne
838 1599 896 1684 (sc.
920 1599 1169 1688 conchyliorum)
1196 1620 1260 1666 non
1287 1601 1329 1666 ad
1355 1615 1426 1667 ¹res·

299 1705 444 1786 cendum,
473 1703 529 1768 sed
553 1700 595 1767 ad
616 1699 820 1767 inficiendum
842 1706 961 1767 restem
988 1708 1115 1769 utantur
1136 1702 1177 1786 (c.
1203 1705 1242 1767 11
1267 1703 1365 1770 Clem.
1388 1701 1425 1782 ΙΙ,

300 1811 361 1872 115
385 1827 415 1892 ρ.
439 1806 501 1869 239
523 1803 559 1868 Ρ.
582 1803 622 1869 ef.
645 1803 733 1870 Pers.
754 1801 792 1884 Π,
814 1804 855 1867 65
878 1803 950 1869 Sen.
974 1803 1048 1871 dial.
1069 1803 1137 1888 llll,
1162 1807 1211 1887 11,
1227 1805 1272 1889 2).
1310 1804 1428 1872 Omnia

299 1909 377 1974 baeo
401 1907 538 1992 Cynicus
559 1905 727 1990 improbat,
750 1905 853 1989 ipsum
878 1925 987 1972 aurum
1003 1914 1229 1991 argentumque
1244 1907 1428 1972 reformidat

300 2011 343 2092 (c.
368 2012 408 2073 15
432 2009 530 2075 Olem.
553 2005 591 2088 ll,
614 2008 666 2070 35.
682 2008 724 2070 36
746 2009 867 2091 p.188.
885 2009 946 2072 189
968 2008 1029 2093 Ρ.),
1063 2009 1166 2076 Deum
1182 2011 1264 2087 enim
1282 2009 1326 2074 ait
1341 2008 1427 2074 nulla

299 2133 333 2177 re
355 2112 508 2193 indigere,
535 2109 696 2174 hominem
723 2127 819 2192 parvo
847 2116 1028 2176 contentum
1056 2111 1115 2178 deo
1138 2111 1332 2178 simillimum
1357 2131 1427 2177 esse

299 2233 326 2279 c.
352 2215 391 2276 12
416 2211 514 2276 Glem.
537 2207 588 2291 ΙΙΙ,
613 2211 630 2271 1
654 2229 684 2294 p.
708 2209 771 2274 250
793 2207 828 2274 Ρ.
852 2212 894 2274 39
917 2232 948 2296 p.
971 2215 1034 2275 277
1056 2212 1092 2277 P.

386 2312 559 2396 Praecipuo
587 2309 723 2402 quodam
751 2309 853 2377 studio
884 2312 1030 2379 solebant
1050 2314 1223 2381 trinetatis
1248 2313 1427 2399 philosophi

301 2414 585 2484 declamationibus
598 2413 662 2492 suis
673 2410 779 2477 invehi
789 2413 824 2477 in
835 2415 1006 2481 resinatam
1022 2422 1115 2500 atque
1129 2417 1300 2499 levigatam
1316 2418 1426 2482 iuven·

300 2527 409 2600 tutem,
431 2518 559 2585 omnino
582 2516 615 2580 in
637 2533 692 2581 eos
715 2515 770 2599 qui
789 2515 923 2585 nimium
936 2519 1089 2604 temporis
1104 2520 1176 2604 pilis
1191 2519 1426 2606 impendebant.

301 2622 396 2687 Velut
407 2621 530 2686 Seneca
541 2616 615 2682 dial.
628 2615 669 2698 ll,
683 2618 733 2698 12,
746 2617 766 2679 3
778 2617 914 2699 castigat
923 2619 1004 2702 illos,
1023 2621 1154 2704 „quibus
1170 2621 1254 2706 apud
1267 2631 1426 2688 tonsorem

302 2725 420 2789 multae
443 2723 539 2787 horae
560 2719 826 2799 transmittuntur,
850 2717 926 2784 dum
940 2719 1129 2808 decerpitur,
1152 2724 1178 2789 si
1194 2723 1268 2808 quid
1284 2724 1429 2808 proxima

302 2833 394 2892 noete
417 2823 581 2904 succrevit,
604 2820 678 2886 dum
703 2819 744 2886 de
765 2821 897 2903 singulis
920 2823 1042 2909 capillis
1063 2825 1096 2890 in
1120 2826 1284 2893 eonsilium
1303 2827 1429 2918 itur...
1478 2837 1480 2841 “

303 2928 460 3013 quomodo
482 2927 667 3005 irascuntur,
690 2923 718 2989 si
744 2929 854 2990 tonsor
880 2925 975 3010 paulo
1001 2927 1217 3009 neglegentior
1242 2928 1309 3011 fuit,
1332 2937 1426 2994 tam·

303 3050 410 3115 quam
452 3030 566 3094 virum
603 3024 769 3092 tonderet?
807 3027 888 3092 eto.“
934 3026 1030 3094 Ridet
1062 3029 1147 3114 apud
1179 3029 1264 3097 Pers.
1299 3029 1353 3112 ΙΙΙ,
1386 3032 1427 3094 35

302 3134 447 3199 Socrates
473 3127 671 3197 Alcibiadem
698 3148 874 3214 penemque
907 3147 1085 3213 arcanaque
1117 3131 1216 3197 lumbi
1242 3139 1427 3200 runcantem

304 3234 427 3300 dicens:
452 3231 517 3314 „Tu
540 3251 635 3315 quum
657 3230 796 3296 maxillis
819 3231 999 3297 balanatum
1023 3251 1163 3316 gausape
1185 3240 1303 3319 pectas,
1325 3234 1428 3316 ingni-

303 3337 394 3402 nibus
418 3355 514 3419 quare
534 3333 684 3400 detonsus
704 3334 837 3417 gurgilio
859 3333 1033 3416 exstat?“¹)
1057 3332 1176 3400 clluv.
1194 3334 1338 3417 Vlss,14.
1356 3337 1427 3400 114.

303 3439 422 3505 Tritum
445 3458 483 3504 ac
497 3437 650 3503 sollemne
665 3435 725 3502 hoc
740 3435 941 3503 declamandi
957 3445 1175 3518 argumentum
1192 3436 1317 3524 Cynicis
1332 3439 1428 3505 inisse

303 3546 437 3625 apparet
470 3559 509 3604 ex
542 3538 644 3622 Epict.
667 3537 718 3619 ΙΙΙ,
741 3541 793 3619 22,
817 3540 868 3616 10,
902 3539 955 3604 ubi
988 3539 1015 3606 is
1049 3541 1103 3626 qui
1134 3548 1253 3605 temere
1276 3538 1429 3626 Cynicum

303 3643 479 3729 profitetur:
502 3645 554 3703 κᾶν
577 3641 638 3717 ibor,
662 3640 771 3724 inquit,
794 3643 854 3703 τινὰ
884 3641 1141 3728 δρωπακιζόμενον,
1167 3643 1319 3730 ἐπιτιμησω
1343 3644 1428 3731 αὐτῷ,

304 3749 356 3810 κᾶν
379 3747 410 3809 τὸ
434 3749 529 3829 κόμιον
558 3747 723 3810 τεπλακότα
752 3795 759 3809 .
786 3795 793 3811 .
819 3796 826 3809 .
853 3795 860 3810 .
885 3751 917 3811 et
938 3745 1093 3813 luvenalis
1120 3745 1197 3813 dicit
1221 3747 1302 3813 talia
1328 3748 1429 3833 pbilo-

304 3897 508 3906 --·.--—--—-

391 3978 410 4045 1)
429 3977 578 4032 ΡοισίαιίΙΙυ
600 3981 643 4032 est
665 3976 750 4032 (llam.
773 3976 853 4032 locus
877 3978 927 4044 Ill,
945 3979 979 4033 23
1000 3995 1029 4048 p.
1045 3978 1096 4032 266
1114 3979 1147 4031 Ρ.
1165 3967 1236 4030 οὗτοι
1255 3978 1312 4047 γάρ
1335 3975 1381 4030 καὶ
1398 3975 1432 4029 τοί

303 4063 418 4162 μάλιστα
440 4063 507 4132 πρός
528 4062 574 4129 τιίς
596 4061 677 4124 ἄλλος
698 4063 785 4115 πεπολ
802 4059 902 4133 ωμέκοι
918 4065 1013 4136 τρίχας
1029 4062 1115 4132 μόνον
1134 4062 1182 4123 ταὶς
1206 4060 1253 4117 ἐπὶ
1269 4064 1302 4132 τῇ
1325 4062 1432 4133 κεφαλῇ

304 4162 466 4216 περιεπουσι.
