3218 4896
645 318 856 379 ..61-
988 355 1089 372 Α,

268 504 647 588 ¹Pl.lib.llldl,3.
695 555 701 569 .
748 555 754 568 .
801 504 935 568 .=Ol.
958 502 996 584 ll,
1019 504 1060 565 66
1084 513 1161 568 extr.
1192 524 1221 586 p.
1253 504 1316 566 209

289 609 333 674 Pl.
357 611 410 675 lib.
435 609 650 692 lllAl,b.
696 660 703 674 .
750 660 757 674 .
803 608 936 674 .=Cl.
959 608 997 690 ll,
1021 611 1061 672 68
1085 630 1114 694 p.
1139 610 1202 672 209

290 713 586 797 Pl.lib.lllrlll,
612 711 999 796 10111‚4.8=01.11,
1024 716 1073 779 71.
1099 715 1279 797 rapula

289 818 703 903 Pl.lib.VllElI,1.4.
750 871 755 882 .
803 817 998 902 .=cl.11,
1021 821 1061 881 41
1086 838 1115 902 p.
1141 819 1203 881 192

289 921 333 987 Pl.
358 923 410 988 lib.
430 923 628 1006 vilella
695 977 702 990 .
749 977 755 990 .
803 923 934 987 .=·0l
960 922 998 1005 ll,
1020 924 1062 986 52
1084 944 1115 1008 p.
1141 923 1202 986 199

290 1026 334 1090 Pl.
359 1027 411 1093 lib.
431 1027 702 1095 Vllzoextr..
749 1079 755 1091 .
803 1052 868 1092 .=
891 1027 936 1092 01.
960 1026 997 1109 II,
1022 1028 1063 1090 66
1084 1048 1116 1112 p.
1139 1026 1202 1090 208

290 1129 335 1194 Pl.
360 1131 704 1212 liavlllelllao.
753 1183 759 1197 .
806 1131 938 1198 .=Gl.
963 1131 1015 1214 Ill,
1038 1133 1081 1195 46
1103 1152 1133 1216 p.
1157 1132 1218 1194 281

187 1233 331 1299 Poteram
349 1237 443 1301 etiam
461 1237 574 1303 afferre
586 1237 745 1303 Plutarchi
758 1236 897 1322 ,Septem
913 1238 1101 1322 sapientium
1118 1235 1315 1300 convivium‘.

187 1336 255 1402 Hoc
283 1339 363 1405 libro
393 1341 521 1406 volebat
547 1340 627 1406 Plut.
655 1341 727 1406 talis
762 1341 895 1406 convivii
930 1341 1101 1421 imaginem
1135 1337 1317 1422 depingere,

187 1441 279 1523 quale
302 1441 480 1527 philosophi
503 1450 610 1508 mente
633 1452 664 1508 et
687 1443 876 1526 cogitatione
898 1441 1121 1526 concipiebant
1148 1449 1242 1524 atque
1268 1441 1317 1504 in·

186 1544 375 1612 formabant.
414 1545 473 1611 Hic
497 1545 583 1611 vides
598 1553 779 1630 praecepta,
802 1565 883 1628 quae
905 1545 951 1608 illi
973 1546 1006 1609 in
1028 1546 1122 1628 λόγοις
1141 1550 1318 1628 συμποτικοῖς

187 1649 314 1732 dabant,
339 1651 426 1734 quasi
456 1650 498 1715 ad
526 1672 592 1716 rem
620 1652 847 1734 veritatemque
875 1650 1021 1731 deducta,
1049 1649 1146 1716 babes
1181 1647 1316 1730 effigiem

188 1758 219 1815 et
247 1753 409 1836 exemplar
430 1754 571 1818 ¹convivii
606 1752 752 1818 omnibus
785 1754 924 1817 numeris
958 1752 1091 1836 perfecti
1124 1759 1155 1818 et
1188 1770 1318 1817 normae

188 1855 295 1920 instar.
339 1857 442 1938 Atque
465 1856 497 1920 in
521 1854 731 1921 describenda
752 1854 811 1919 hac
826 1874 925 1920 caena
941 1854 1039 1922 multa
1054 1855 1158 1938 posuit
1174 1855 1317 1939 scriptor,

190 1955 301 2037 quibus
339 1956 547 2022 admonemur
584 1957 720 2022 Musunii
758 1957 994 2022 sententiarum.
1046 1955 1191 2022 Ceterum
1220 1956 1317 2022 Volk-

188 2077 321 2124 mannus
346 2060 378 2141 ll.
404 2079 429 2124 o.
453 2058 477 2140 Ι,
502 2059 697 2142 raa-202),
727 2079 798 2124 cum
827 2060 928 2140 magis
957 2058 1033 2124 dicit
1061 2064 1256 2124 venustatem
1286 2063 1318 2124 et

188 2159 377 2241 elegantiam
401 2163 433 2225 in
456 2161 516 2227 hoc
538 2162 618 2227 libro
647 2162 823 2243 neglectam
842 2181 933 2250 nesse,
962 2181 1057 2244 quarn
1091 2168 1126 2226 ut
1158 2160 1318 2226 Plutarchi

188 2283 257 2328 esse
280 2264 389 2347 possit,
414 2283 523 2328 vereor
545 2283 585 2328 ne
615 2264 801 2328 nostratium
828 2264 932 2347 potius
962 2283 1054 2346 quam
1088 2264 1172 2330 illius
1205 2265 1318 2330 aetatis

188 2364 343 2429 sentiendi
367 2367 521 2432 rationem
545 2373 671 2432 secutus
693 2367 745 2432 sit.

274 2467 417 2550 Denique
445 2470 470 2533 si
499 2468 698 2552 comparabis
727 2467 855 2552 publica
880 2468 1028 2533 instituta
1056 2474 1087 2532 ct
1115 2469 1211 2534 totius
1236 2469 1317 2533 vitae

189 2571 358 2650 imaginem
383 2591 402 2636 a
418 2569 497 2636 Plut.
514 2573 548 2635 iu
564 2570 648 2652 ,Vita
659 2569 806 2655 Lycurgi‘
823 2569 1026 2655 descriptam,
1044 2591 1113 2636 curn
1130 2571 1316 2654 praeceptis

189 2673 300 2754 quibus
339 2671 510 2737 Clementis
547 2673 665 2738 stoicus
703 2677 811 2736 auctor
847 2673 1026 2738 universam
1066 2673 1162 2737 vitam
1200 2670 1317 2754 dirigit,

187 2775 342 2854 insignem
372 2774 478 2840 multis
511 2774 589 2840 locis
622 2776 764 2840 invenies
798 2794 998 2840 consensum.
1046 2775 1179 2840 Volebat
1212 2782 1317 2840 autem

188 2875 268 2942 Plut.
293 2876 353 2942 hoc
374 2877 454 2942 libro
478 2875 644 2942 ostendere
660 2875 796 2962 Lycurgi
818 2876 906 2957 leges
928 2883 960 2942 et
981 2878 1125 2943 instituta
1139 2877 1216 2941 talia
1236 2896 1317 2958 esse,

189 2979 294 3061 qualia
315 2980 466 3045 iubebant
488 2979 594 3045 Stoici.
641 2978 682 3044 Hi
704 2980 799 3060 enim,
828 2999 898 3045 curn
926 2979 1059 3044 multum
1087 2979 1127 3045 de
1155 2981 1318 3064 republica

189 3081 398 3166 disputarent,
436 3083 597 3166 specimen
636 3089 874 3148 consummatae
914 3083 1117 3167 reipublicae,
1156 3091 1190 3146 ut
1207 3113 1209 3116 ·
1228 3091 1318 3148 erant

188 3184 403 3268 exemplorum
448 3183 678 3265 studiosissimi,
721 3185 914 3267 quaerebant
951 3192 982 3248 et
1019 3183 1185 3250 Platonem
1223 3190 1318 3267 atque

187 3285 431 3370 Xenophontem
444 3288 542 3353 secuti
556 3285 876 3352 Lacedaemoniorum
890 3277 1115 3370 rempublicam
1129 3287 1318 3370 exemplaris

188 3387 258 3454 loco
285 3388 454 3472 ponebant.
501 3388 580 3454 Eam
609 3408 678 3453 cum
708 3389 788 3454 Plut.
817 3389 994 3454 Stoicorum
1022 3390 1199 3473 praeceptis
1225 3391 1318 3454 satis·

187 3491 292 3555 facere
335 3490 430 3556 vellet
475 3491 700 3573 demonstrare,
746 3497 991 3557 consentaneum
1031 3502 1078 3558 est
1115 3511 1184 3556 eum
1223 3493 1317 3557 etiam

188 3593 324 3659 Musunii
347 3593 521 3658 doctrinam
545 3596 731 3678 respexisse.

275 3781 337 3847 Sed
364 3782 493 3848 tandem
521 3783 690 3865 aliquando
722 3804 741 3847 a
768 3781 847 3847 Plut.
872 3759 1040 3848 *discedam
1063 3784 1147 3848 etin
1171 3782 1319 3847 inferiora

188 3889 334 3967 tempora
349 3883 551 3950 descendam.
585 3884 624 3949 Ut
641 3884 803 3952 Musonius
818 3885 950 3950 multum
968 3885 1093 3950 valebat
1107 3885 1191 3968 apud
1209 3884 1318 3948 doctos

188 3985 385 4068 christianos,
407 3988 562 4071 imprimis
586 3986 827 4069 Alexandrinos,
855 3989 900 4052 ita
927 4007 1052 4060 summa
1079 3986 1164 4050 idem
1188 3985 1319 4051 florebat

188 4089 355 4153 autoritate
378 4089 464 4173 apud
487 4088 760 4169 Neo-Platonicos,
785 4091 835 4171 qui
860 4089 985 4172 quidem
1010 4089 1175 4172 plurimum
1201 4087 1318 4152 debent

187 4191 219 4254 in
243 4190 354 4255 morali
377 4190 596 4275 philosophiae
620 4199 708 4275 parte
725 4191 849 4256 Stoicis.
882 4191 949 4256 Hoc
965 4192 1115 4275 probatur
1129 4191 1317 4256 testimoniis
