3218 4896
749 285 961 347 ..54—

291 464 527 534 Tertullianum.
572 468 680 534 Potest
715 469 848 534 fortasse
881 469 1025 550 indagari
1060 469 1231 534 christiana
1263 470 1420 534 sententia

292 567 464 636 Clementis
485 590 549 636 una
571 571 621 636 rel
644 572 744 637 altera
766 571 870 654 aliquo
893 571 988 638 modo
1011 591 1188 656 congruens
1211 591 1281 637 cum
1298 571 1419 636 Tertul-

290 670 391 754 liano;
436 672 493 738 sed
538 673 633 738 talem
680 694 869 740 consensum
913 674 1056 757 fortunae
1101 675 1205 758 potius
1246 674 1419 739 tribuerim.
1463 711 1468 722 ·

290 770 488 857 Quamquam
511 775 559 840 his
581 776 621 840 de
644 776 737 842 rebus
759 775 910 842 iudicium
931 776 1085 857 theologis
1109 776 1250 860 relinquo
1274 784 1304 842 et
1326 776 1422 842 facile'

291 876 431 942 concedo
454 876 587 944 fortasse
610 885 642 942 et
665 877 836 944 Clementis
860 885 891 943 at
907 878 1042 944 Musunii
1063 877 1176 943 librum
1193 878 1419 945 aTertulliano

290 978 464 1045 lectitatum
489 999 568 1061 esse,
592 979 768 1046 dummodo
786 987 929 1045 teneatur
953 979 1088 1046 Musonii
1112 982 1250 1046 rationes
1273 1001 1312 1045 ex
1327 979 1419 1046 huius

291 1081 395 1165 potius
418 1082 517 1166 ipsius
539 1082 619 1148 libro
644 1101 736 1165 quam
761 1103 801 1148 ex
824 1082 987 1148 Clemente
1010 1081 1199 1149 derivandas
1222 1104 1301 1150 esse.

377 1285 516 1354 Transeo
539 1287 581 1354 ad
603 1288 769 1372 prolanum
793 1290 977 1374 scriptorem
1001 1287 1204 1355 Plutarchum
1228 1295 1259 1354 et
1285 1290 1319 1354 in
1346 1309 1417 1353 eum

290 1407 437 1472 campum
466 1389 636 1470 descendo,
665 1393 717 1474 qui
744 1393 839 1458 nimis
868 1391 998 1458 relictus
1030 1393 1113 1457 iacet
1146 1411 1165 1456 a
1199 1391 1273 1458 uiris
1306 1391 1416 1458 docus.

290 1489 486 1573 Plutarchus,
510 1512 580 1558 cum
605 1492 726 1559 duobus
749 1492 844 1559 modo
867 1493 945 1560 locis
968 1495 1109 1559 nominet
1129 1493 1318 1575 Musonium,
1345 1514 1418 1578 per—

289 1592 396 1658 multis
429 1595 496 1659 eius
530 1595 645 1660 librum
674 1595 846 1663 adscivisse
873 1596 1004 1663 videtur.
1050 1594 1139 1672 Quod
1166 1594 1251 1660 haud
1278 1595 1343 1661 scio
1376 1617 1418 1661 an

288 1694 475 1761 incredibile
497 1695 641 1762 videatur
664 1699 702 1780 ci,
726 1699 779 1782 qui
802 1718 872 1764 cum
891 1697 1089 1764 Volkmanno
1105 1697 1307 1763 Plutarchum
1323 1699 1417 1764 nimis

290 1817 397 1863 acrem
420 1798 517 1882 fingat
544 1798 759 1867 adversarium
782 1801 967 1868 Stoicorum.
1011 1800 1180 1886 impugnat
1194 1800 1417 1886 ·Ghrysippum

289 1911 321 1964 et
343 1901 475 1966 nimium
497 1902 581 1968 illius
604 1901 710 1969 sectae
732 1905 879 1986 rigorem,
902 1903 961 1970 hoc
986 1902 1135 1970 concedo.
1182 1904 1223 1968 At
1241 1887 1327 1968 idem
1342 1903 1418 1969 lacit

288 2000 475 2070 Posidonius
509 2005 577 2088 ipse
610 2004 741 2071 Stoicus.
787 2005 822 2071 ln
849 2007 1054 2090 praeceptive
1078 2006 1173 2087 igitur
1199 2004 1416 2090 philosophiae

287 2111 380 2188 parte
406 2114 438 2171 et
471 2107 502 2172 in
536 2127 659 2173 morum
694 2108 838 2175 doctrina
871 2108 1039 2193 plurimum
1075 2107 1260 2174 Plutarchus
1293 2108 1416 2190 Stoicis,

287 2207 443 2291 imprimis
466 2210 689 2292 posterioribus
712 2209 817 2291 debet,
841 2211 983 2294 quamvis
1007 2208 1136 2276 eosdem
1151 2209 1227 2275 alibi
1242 2210 1414 2294 impugnet.

287 2308 473 2376 Proficiscor
494 2331 515 2376 a
535 2308 634 2393 libris,
657 2312 769 2395 quibus
792 2312 832 2378 da
856 2312 997 2378 carnium
1020 2331 1076 2378 esu
1092 2313 1203 2394 agitur.
1236 2311 1272 2377 ln
1288 2313 1416 2380 alterius

286 2412 384 2478 libelli
394 2413 721 2480 tinePlut.Stoicorum
733 2415 937 2499 reprehendit
947 2416 1194 2482 inconstantiam
1207 2415 1415 2482 haecdicens:

287 2513 349 2579 Οὐκ
370 2517 432 2588 ἴσος
454 2519 485 2580 δέ
507 2540 548 2587 τις
571 2520 585 2581 ὁ
610 2517 686 2603 dudm
710 2520 791 2590 οὗτος
813 2526 871 2590 τοῖς
894 2519 1030 2588 Στωικοῖς
1053 2518 1121 2606 ὑπὲρ
1145 2527 1198 2603 τῆς
1212 2522 1413 2608 σαρκοφαγίας.

286 2623 328 2691 τίς
349 2624 402 2710 γὰρ
428 2624 443 2684 ὁ
465 2622 555 2693 πολὺς
577 2627 657 2693 τόνος
681 2625 720 2694 εἰς
742 2625 793 2708 τὴν
816 2627 940 2713 γαστέρα
962 2626 1010 2688 καὶ
1032 2626 1068 2687 τοὶ
1091 2628 1236 2706 ὀπτανεῖα;
1271 2674 1278 2688 .
1304 2675 1311 2688 .
1337 2675 1345 2689 .
1369 2626 1416 2688 καὶ

287 2726 344 2810 μὴν
367 2729 528 2791 ἀκόλουθον
551 2729 587 2812 ἦν
615 2728 717 2805 αὐτοῖς,
753 2732 777 2792 εἰ
810 2732 897 2819 μύρον
931 2719 1113 2803 ἐξελαύνουσι
1146 2732 1193 2793 καὶ
1226 2734 1326 2814 πέμμα
1358 2739 1414 2794 τῶν

287 2834 458 2914 συμποσίων,
487 2834 600 2916 μᾶλλον
629 2837 697 2917 αἱμα
725 2837 772 2897 καὶ
799 2843 892 2922 σάρκα
919 2837 1113 2922 ῧοςχεραίνειν.
1143 2843 1191 2899 νῦν
1219 2835 1244 2898 δ’
1258 2836 1353 2924 ὥσπερ
1376 2839 1416 2907 εἰς

286 3049 344 3111 τοῖς
368 3045 520 3130 ἀχρήστοις
542 3045 590 3106 καὶ
612 3053 747 3133 περιττοῖς
771 3046 812 3119 (ν,
836 3067 866 3130 p.
890 3047 935 3128 4),
958 3046 990 3107 td
1013 3044 1038 3108 δ’
1052 3050 1193 3134 ἀνήμερον
1221 3054 1274 3131 τῆς
1295 3049 1414 3111 πολυτε-

286 3148 367 3218 λείας
389 3148 436 3211 καὶ
459 3150 571 3235 φονικὸν
593 3150 625 3212 οὐ
648 3156 844 3238 παραιτοῦνται
867 3199 873 3212 .
900 3199 908 3211 .
933 3199 940 3212 .
964 3151 997 3213 τὸ
1020 3152 1061 3234 μὴ
1084 3156 1222 3239 χρήσιμον
1246 3151 1313 3236 μηδ’
1330 3157 1414 3237 ἀναρ-

286 3261 364 3315 καῖον
403 3254 432 3316 ἐν
472 3255 565 3338 ἡδονῇ
594 3256 775 3340 πανταχόθεν
807 3243 1016 3328 ἐξελαύνοντες.
1069 3255 1152 3322 Num
1184 3257 1313 3322 dubium
1345 3278 1415 3324 esse

288 3361 404 3441 potest,
440 3359 513 3441 quin
547 3367 666 3423 certum
702 3361 886 3444 scriptorem
922 3357 1105 3444 impugnet?
1140 3357 1181 3422 Et
1213 3363 1334 3424 certum
1368 3367 1416 3425 est

287 3457 372 3526 hunc
395 3479 465 3526 esse
487 3459 676 3542 Musonium,
701 3462 817 3546 quippe
844 3463 877 3524 in
904 3481 995 3542 quem
1024 3462 1131 3526 omnia
1157 3462 1359 3526 conveniant:
1387 3464 1415 3528 is

288 3581 360 3628 cum
383 3562 458 3644 gula
480 3569 512 3628 et
534 3570 641 3629 uentre
664 3562 825 3629 hominum
850 3565 939 3645 quasi
962 3571 1091 3648 pugnat,
1111 3565 1137 3630 is
1153 3562 1243 3648 pellit
1256 3571 1416 3646 unguenta

286 3663 395 3747 (Paed.
419 3662 456 3747 ΙΙ,
480 3666 520 3727 65
543 3685 574 3749 p.
598 3663 685 3746 208),
709 3671 895 3749 aspernatur
916 3669 1049 3750 πέμματα
1073 3673 1105 3731 et
1132 3667 1282 3750 ἡδύσματα
1307 3666 1356 3749 (ΙΙ,
1384 3669 1413 3732 3.

286 3768 570 3852 4ρ.164.165),
600 3769 626 3832 is
653 3768 811 3852 improbat
837 3789 963 3835 omnem
997 3770 1191 3856 voluptatem
1225 3790 1294 3836 cum
1329 3769 1416 3834 nulla

288 3871 478 3936 necessitate
501 3870 550 3935 vel
577 3870 715 3936 utilitate
743 3871 943 3936 coniunctam
970 3869 1015 3952 (v.
1043 3893 1074 3958 p.
1103 3873 1147 3955 4).
1191 3872 1278 3938 ldcm
1307 3880 1415 3939 tamen

287 3971 447 4037 modicum
471 3973 574 4038 carnis
603 3993 690 4038 esum
717 3973 871 4055 permittit
904 3972 955 4056 (ll,
992 3977 1030 4037 11
1064 3995 1094 4059 p.
1131 3975 1220 4057 171).
1265 3973 1414 4042 Consulto

286 4082 391 4140 autem
414 4073 495 4140 Plut.
519 4076 709 4142 necessitate
736 4082 864 4141 coactus
888 4075 1065 4142 Musonium
1094 4078 1281 4162 impugnare
1310 4069 1426 4142 omisit'

284 4197 400 4244 nomen
432 4179 499 4244 eius
532 4179 599 4258 viri,
634 4197 741 4261 quem·
761 4180 941 4260 ceteroquin
975 4199 1168 4264 magnopere
1202 4178 1416 4244 admirabatur
