3218 4896
747 285 959 351 ..44-

290 469 466 555 paedagogi
489 491 619 538 munere
641 472 775 554 fungens
798 470 904 537 studia
924 471 1071 536 iuvenum
1094 471 1273 556 praeceptis
1288 471 1416 554 sepiens

290 573 353 637 ties
366 573 502 640 'fovebat
524 572 614 656 (ch.
638 572 658 638 l.
682 574 736 655 α),
759 573 812 656 qui
833 579 923 640 tanta
944 573 1045 655 glorio
1066 573 1236 654 fruebatur,
1259 578 1294 637 ut
1306 571 1357 638 'rel
1373 569 1415 636 au

291 674 415 740 exulem
444 695 559 758 magua
588 674 812 760 discipulorum
843 673 1010 740 multitudo
1038 673 1218 756 conflueret,
1252 675 1417 758 scripsisse

291 887 427 945 uaretur.

376 1083 457 1149 Sunt
478 1090 582 1149 autern
606 1083 659 1149 aiii
684 1091 826 1151 auctores
849 1092 975 1168 praeter
990 1083 1184 1150 Clementem
1209 1088 1241 1148 et
1255 1103 1415 1149 commcn-

290 1187 440 1253 tcriorum
470 1177 640 1267 auctorer'n,
670 1187 721 1270 qui
750 1185 897 1251 adierunt
930 1185 1064 1252 Musouii
1097 1186 1220 1251 librum.
1266 1185 1415 1268 Primum,

290 1295 324 1352 ut
346 1305 403 1372 por
426 1295 483 1369 est,
506 1289 540 1352 in
563 1307 692 1354 censum
720 1307 798 1353 uoco
821 1288 991 1373 epistulam
1026 1307 1105 1372 quac
1132 1287 1267 1354 Musunii
1300 1307 1414 1354 numen

289 1390 358 1454 fert.
409 1388 497 1465 Quae
531 1391 588 1455 etsi
623 1391 730 1474 spuria
763 1395 814 1454 est
846 1396 878 1455 et
911 1408 932 1455 ο
964 1387 1191 1474 Neoplctouicc
1225 1392 1415 1474 conscripta,

255 1498 396 1556 ·tumcn
426 1510 487 1555 uon
523 1490 630 1576 dubito
664 1493 738 1574 quin
772 1499 880 1556 auctor
912 1492 980 1557 eius
1013 1491 1148 1558 Musunii
1181 1511 1259 1576 opus
1295 1493 1415 1574 legerit

290 1591 379 1669 Quod
402 1612 473 1657 cum
496 1611 553 1676 per
580 1612 614 1657 se
641 1592 811 1657 verisimile
838 1593 888 1674 sit,
917 1600 983 1658 tum
1011 1594 1233 1678 comprobatur
1260 1613 1415 1662 consensu

289 1695 428 1760 iocorum
471 1692 666 1777 quorundam
711 1693 862 1777 epistulae
904 1701 937 1759 ct
973 1694 1161 1777 Pacdegogi.
1210 1694 1305 1762 Velut
1340 1698 1359 1780 ἐ
1395 1700 1422 1762 2·

291 1796 557 1882 (Epistologruphi
581 1793 693 1861 Graeci
718 1794 768 1862 cd.
792 1795 933 1862 Hercher
956 1796 1044 1862 Paris
1069 1799 1150 1862 1873
1172 1799 1304 1886 psol)
1331 1801 1417 1884 λόηος

291 776 416 859 librum,
443 797 505 861 quo
533 785 630 843 totum
668 778 761 842 vitem
798 775 1021 862 discipulorum
1057 775 1207 858 dirigeret
1239 782 1273 841 et'
1302 776 1416 858 guber·
1526 813 1528 818 .
1597 755 1598 772 ἢ

290 1906 394 1966 custos
418 1907 581 1982 rectorque
604 1898 740 1965 hominis
763 1900 944 1965 nominetur
966 1903 1005 1977 (v.
1033 1921 1064 1985 p.
1093 1902 1126 1983 3)
1155 1909 1188 1967 ct
1214 1908 1416 1988 comparatur
1527 1899 1530 1906 ’

289 2023 361 2068 cum
385 2002 508 2068 medico
536 2008 583 2086 (p.
608 2001 671 2083 12).
717 2000 759 2072 Et
785 2000 1017 2068 Ps-Musouius
1045 2011 1077 2068 et
1104 2002 1277 2072 Clementis
1305 2014 1416 2074 auctor

290 2104 378 2170 multi
402 2105 529 2172 suntin
552 2103 805 2178 commendanda
826 2103 1009 2190 εὐχημυσόνη
1033 2116 1126 2190 atque
1149 2097 1264 2191 εὐταξίᾳ
1272 2109 1292 2194 Ι)
1321 2112 1413 2194 vitae,

289 2208 330 2274 eri
365 2215 495 2274 naturae
529 2227 670 2273 normurn
710 2209 817 2273 omnia
838 2208 997 2292 dirigunt,
1034 2210 1170 2278 hominis
1203 2234 1273 2299 csse
1306 2213 1415 2282 dicunt

290 2310 383 2376 deum
400 2310 514 2376 imitari
531 2309 728 2375 otmundum
745 2312 960 2396 contemplari,
977 2332 1052 2394 erga
1067 2313 1209 2382 homiues
1228 2316 1413 2383 benevolum

289 2417 323 2480 ct
345 2413 520 2479 beneficum
544 2411 654 2496 esse2).
700 2410 818 2478 Similis
841 2415 969 2480 omnino
992 2414 1078 2500 apud
1100 2423 1264 2501 utrumque
1279 2427 1369 2485 tenor
1385 2429 1416 2485 et

290 2515 376 2581 color
397 2515 621 2580 sententiarum
649 2513 815 2579 iuvenitur.
861 2514 925 2580 Sed
953 2517 1047 2584 etium
1075 2518 1200 2600 singule
1227 2528 1411 2602 congruunt.

289 2618 326 2682 In
354 2618 446 2702 epist.
466 2615 492 2701 i§
520 2615 711 2698 4iegimus:
740 2618 845 2705 ἀρετῆς
874 2618 905 2681 δὲ
931 2619 978 2681 καὶ
1003 2619 1221 2706 εὐσχημοσύνης
1248 2622 1307 2706 βίου
1341 2627 1413 2687 ἀντι-

289 2724 467 2805 ποιουμένους
489 2719 540 2782 οὐκ
562 2723 596 2782 ἂν
618 2720 789 2804 ἐθελήσειας
811 2725 879 2812 όρᾶν
904 2723 971 2795 τοὺς
993 2731 1121 2788 σεαυτοῦ.
1138 2729 1238 2798 suffice
1264 2728 1415 2799 εὐτάκτους

289 2826 340 2910 μὲν
367 2828 396 2890 ἐν
423 2827 541 2896 ἐδωδαῖς
566 2825 614 2888 καὶ
635 2829 732 2889 πόσεσι
755 2825 806 2903 (cf.
831 2827 929 2894 Olem.
953 2827 989 2911 ii,
1015 2833 1053 2892 11
1077 2850 1107 2915 p.
1126 2833 1198 2913 171,
1214 2832 1253 2896 31
1278 2852 1309 2918 p.
1329 2833 1414 2918 185),

288 2932 503 3019 κρατοῦζντας
539 2929 574 2992 δὲ
610 2937 676 2992 τοῖιν
713 2929 774 2994 ὑπὸ
809 2933 975 3019 γαστέρα,
1014 2932 1055 3003 ὡς
1088 2933 1157 3021 πρός
1190 2938 1296 3023 σποράν
1330 2941 1415 3019 μόνον

288 3039 407 3113 τέκνοιν,
432 3039 498 3098 όταν
520 3036 645 3123 εὔκαιρον
668 3037 700 3118 η),
724 3043 781 3104 τοῖς
802 3044 970 3118 ηεννητικοῖς
992 3039 1087 3124 μέρεσι
1109 3040 1236 3126 χρῆσθαι
1259 3042 1306 3104 καὶ
1328 3043 1414 3127 όλίηιρ

289 3141 341 3226 μὲν
356 3142 432 3227 ότνῳ
447 3142 517 3229 πρὸς
531 3143 670 3204 ἀνάπαυσι
685 3163 726 3204 σιν
741 3143 930 3228 ἀρκουμένους
945 3189 952 3204 .
968 3191 974 3203 .
994 3191 999 3204 .
1019 3140 1234 3209 Conferendus
1251 3156 1298 3210 cst
1315 3145 1413 3211 (ilem.

289 3246 326 3329 ΙΙ,
349 3248 391 3310 90
412 3267 443 3331 p.
466 3247 531 3309 224
552 3245 608 3332 χρὴ
637 3295 643 3307 .
674 3294 680 3307 .
711 3294 717 3308 .
746 3253 883 3333 κρατεῖν
909 3267 940 3308 τε
962 3247 1072 3330 ἡδονῶν
1099 3250 1220 3334 ηαοτρός
1246 3270 1276 3310 τε
1303 3249 1341 3310 ἔτι
1369 3250 1416 3312 καὶ

290 3357 357 3412 τῖον
381 3349 442 3413 ὑπό
463 3353 616 3437 ηαστέρα
637 3351 785 3421 δεσπόζειν
807 3353 988 3439 ἀρχικώτατα
1015 3351 1121 3434 (vulgo
1144 3352 1349 3438 ἀρχικώτατον)

377 3573 395 3641 ¹)
415 3573 476 3626 Hac
494 3587 576 3628 voces
596 3572 750 3628 Stoicorum
769 3573 894 3643 propriae
912 3577 976 3627 suut
993 3591 1017 3629 ν.
1037 3574 1115 3630 Stob.
1134 3576 1183 3630 ecl.
1203 3575 1256 3630 eth.
1275 3593 1302 3646 p.
1318 3577 1365 3631 192
1380 3579 1415 3632 H.

289 3659 322 3712 97
340 3655 394 3723 W.
412 3673 495 3726 supro
510 3674 536 3726 p.
555 3659 579 3713 6.

264 3793 265 3798 ,
374 3742 393 3812 ²)
412 3744 426 3808 ξ
444 3744 460 3795 2
477 3741 531 3795 unc
548 3744 593 3806 τῆς
615 3741 723 3812 φύσεως
736 3784 747 3805 ,.
766 3783 773 3798 .
791 3783 799 3798 .
817 3783 824 3797 .
843 3742 875 3795 οἰι
891 3743 936 3795 τοῦ
954 3742 1030 3813 παρα
1049 3743 1133 3813 φύσιν
1150 3743 1188 3805 εἰς
1206 3745 1233 3798 τό
1247 3747 1314 3798 κοιτό
1333 3747 1417 3817 φύσιν

289 3869 295 3882 .
314 3869 321 3883 .
341 3869 347 3883 .
366 3870 372 3884 .
390 3823 554 3887 ἀκολούθους
570 3829 602 3897 τῇ
619 3827 709 3897 φύσει,
732 3829 747 3882 6
765 3829 798 3897 τῇ
816 3826 904 3897 φύσει,
923 3829 939 3880 9
958 3832 987 3881 ct
1006 3831 1034 3881 ll
1055 3828 1122 3880 κατό
1141 3829 1232 3900 φύσιν,
1255 3834 1284 3884 12
1302 3833 1357 3884 τῶν
1373 3818 1417 3894 τῆς

289 3913 395 3982 φύσεως
413 3913 506 3983 νόμων
523 3914 557 3983 (v.
574 3930 602 3984 p.
619 3913 646 3980 3)
664 3914 680 3967 8
699 3912 820 3982 θεωρούς
835 3912 890 3982 γόρ
909 3911 924 3976 ἦ
943 3912 1024 3983 φύσις
1041 3914 1142 3984 κόσμου
1160 3914 1207 3966 καὶ
1223 3918 1279 3968 τῶν
1293 3915 1325 3970 ἐν
1346 3911 1418 3987 αὐτῷ

288 3999 509 4051 κατασκευάσασα
528 4040 534 4053 .
553 4041 559 4054 .
579 4039 585 4052 .
603 4039 611 4052 .
629 3993 787 4070 ἇξιοϊιῆμᾶς
804 3997 863 4056 ruric
880 3995 935 4068 μὲν
951 3997 1033 4057 θεοός
1052 4040 1057 4052 .
1076 4039 1084 4053 .
1102 4041 1108 4052 .
1128 4041 1134 4054 .
1153 4001 1248 4064 ζηλοῦν
1266 4003 1299 4070 (v.
1318 4019 1345 4072 p.
1365 4000 1416 4069 10),

286 4069 447 4153 ἀνθρώποιο
464 4081 495 4136 δὲ
512 4083 690 4154 κηδεμονικῶς
706 4081 752 4135 καὶ
770 4063 940 4146 εὗποιητιόιῶς
957 4084 1136 4152 προίστασθαι
1154 4085 1199 4145 (cf.
1213 4085 1298 4140 (ilem.
1317 4087 1353 4152 ΙΙ,
1368 4087 1417 4140 120

288 4186 315 4240 p.
333 4171 391 4236 213,
413 4171 459 4222 129
478 4186 504 4238 p.
522 4171 573 4223 217
590 4164 761 4240 εὐμετάόοτος
778 4169 913 4232 κοινωνία,
933 4169 983 4236 ΠΙ,
1002 4171 1035 4224 36
1053 4184 1078 4239 p.
1097 4171 1167 4240 275).
