3218 4896
762 299 973 362 ...46-

305 484 566 567 e0.repuriuntur
592 487 736 551 notiones
763 485 990 571 formulaequu,
1017 495 1052 552 ut
1078 489 1254 574 κατόρθωμα
1277 507 1304 552 ο.
1328 489 1358 570 6,
1382 492 1428 577 όρ-

304 586 358 655 θὸς
379 585 472 648 κανὼν
496 607 522 652 υ.
545 590 575 651 4.
600 591 628 654 7.
654 591 703 670 14,
726 591 799 652 κατὰ
821 589 868 652 τὸν
892 591 977 677 ὀρθὸν
999 593 1084 677 λόχον
1106 595 1274 678 ἐπιτηδεύειν
1289 612 1316 658 0.
1333 594 1374 657 10
1390 594 1429 659 of.

305 709 331 754 ο.
357 692 383 754 1.
409 693 444 772 53
467 691 638 777 pleraeque
660 693 756 757 etiam
780 697 957 760 sententiae
979 696 1155 764 Stoicorum
1178 697 1325 784 propriae
1346 706 1429 762 sunt.

304 791 394 868 Quod
416 792 510 858 facile
532 792 705 877 intelleget,
729 797 781 878 qui
805 815 885 878 quae
908 797 948 864 du
970 799 1147 866 uuuruenda
1167 802 1216 866 ira
1236 819 1265 866 ο,
1289 802 1318 866 3.
1342 801 1371 863 9.
1390 801 1427 862 11

305 896 547 980 praecipiuntur,
577 916 647 961 uum
671 895 811 962 Soneuae
835 898 881 964 De
902 900 956 963 ‘ira
983 900 1072 968 libris
1105 902 1342 988 uumparauerit.
1387 899 1431 966 Ut

304 1017 329 1061 ο
355 991 395 1061 10
416 999 541 1080 iratum,
565 999 706 1082 quamvis
729 1005 825 1082 neget
847 1021 881 1066 εσ
904 1003 1008 1086 insui,
1032 1005 1176 1072 conviuui
1200 1004 1276 1070 dicit
1302 1003 1353 1068 ὑπὸ
1379 1009 1429 1066 τοῦ

304 1102 458 1188 χρώματος
489 1102 537 1165 καί
568 1108 625 1166 τῶν
659 1104 822 1189 ὀφθαλμῶν
848 1106 895 1167 καί
920 1111 970 1169 τοῦ
996 1108 1160 1191 λεληθότος
1190 1112 1343 1193 κινηματοε
1367 1109 1430 1191 ίρτοι

304 1208 437 1293 κεφαλῆς
459 1209 478 1292 η
502 1209 615 1295 ὀφρύων
637 1209 657 1293 ἢ
679 1215 780 1297 χειρῶν
804 1215 939 1294 πατάγου.
972 1209 1105 1294 Eadem,
1128 1213 1240 1296 quibus
1263 1213 1429 1298 praenosci

305 1313 403 1395 possit
430 1313 486 1393 ira,
514 1313 605 1393 signa
632 1313 753 1378 Suneua
780 1313 870 1380 affert
898 1315 950 1381 lib.
973 1315 1000 1398 1,
1026 1318 1090 1398 1‚4:
1116 1303 1287 1398 „Flagrant
1309 1334 1347 1380 au
1370 1315 1429 1380 mi-

306 1420 380 1479 cant
401 1414 493 1495 oculi,
516 1415 632 1480 multus
655 1435 709 1480 οιο
732 1421 796 1482 toto
819 1417 914 1483 rubor
937 1467 944 1482 .
969 1466 976 1481 .
999 1417 1090 1482 labra
1112 1418 1301 1502 quatiuntur,
1317 1417 1428 1484 dentes

304 1518 560 1601 oomprimuntur,
577 1517 704 1582 horrent
726 1538 765 1584 uo
787 1519 988 1602 subriguntur
1011 1519 1127 1604 capilli,
1152 1569 1159 1584 .
1185 1567 1193 1583 .
1216 1571 1224 1586 .
1249 1521 1429 1604 complosae

304 1621 430 1704 saepius
458 1621 599 1685 manus.“
646 1619 735 1696 Quod
765 1640 791 1686 ο.
821 1624 842 1684 2
877 1623 1021 1708 imperat,
1045 1629 1078 1689 ut
1100 1623 1280 1689 adversario
1303 1624 1429 1708 placido

304 1722 389 1788 vultu
413 1722 568 1788 dicamus:
604 1722 657 1809 οὐχ
684 1723 775 1794 οθτιος
802 1725 879 1788 ἔσται
904 1749 955 1790 σου
983 1728 1014 1790 τὸ
1042 1734 1096 1812 τῆς
1116 1728 1213 1813 ἰσχύος
1234 1728 1362 1803 δυνατόν,
1383 1729 1430 1791 ίνα

303 1849 357 1909 μου
379 1830 498 1910 κινησητ.
518 1826 570 1911 τἠν
592 1829 758 1915 προαίρεσιν,
776 1847 876 1914 paene
892 1830 993 1904 isdem
1009 1832 1112 1900 verbis
1126 1832 1313 1917 praeseribit
1327 1830 1429 1915 Epiut.

304 1930 393 1996 ench.
418 1949 445 1996 ο.
461 1932 483 1993 4
497 1936 529 1997 et
543 1931 584 1998 M.
603 1933 718 2000 Αυίοο.
744 1932 822 2016 v111,
838 1935 890 1998 56.
924 1933 1104 2001 Pessimilus
1128 1934 1222 1999 etiam
1246 1940 1320 2000 sunt
1341 1953 1428 2000 auer-

304 2033 373 2114 bae,
407 2053 486 2115 quae
520 2033 559 2099 de
594 2036 774 2102 mulieribus
809 2037 965 2118 leguntur,
999 2037 1176 2102 sententiae
1212 2037 1304 2120 epist„
1330 2055 1358 2100 ο.
1389 2037 1429 2098 15

302 2137 559 2223 προμηνώακοντατ
585 2159 612 2200 κ.
633 2161 658 2200 τ.
680 2139 708 2202 λ.
738 2145 770 2204 et
796 2138 897 2225 Epict.
926 2138 1015 2204 unuh.
1039 2139 1092 2203 40.
1136 2137 1232 2202 Porro
1255 2136 1429 2203 Stoicorum

303 2259 390 2305 more
412 2261 469 2325 per
490 2245 590 2306 uotum
612 2242 752 2307 libellum
777 2243 970 2326 comparatio
993 2239 1091 2306 illua
1113 2240 1229 2306 morbis
1258 2259 1431 2325 eorumque

303 2343 465 2410 curatione
484 2343 584 2428 petita
604 2343 769 2410 adhibetur
792 2343 832 2428 (ο.
856 2346 886 2409 4.
909 2345 940 2407 5.
964 2344 993 2405 8.
1019 2344 1069 2408 12.
1096 2344 1161 2424 13),
1185 2340 1303 2408 idiotae
1327 2340 1428 2426 philo·

303 2444 410 2538 sophis
433 2452 632 2530 opponuntur
654 2446 698 2529 (u.
715 2449 745 2512 4.
763 2445 809 2530 8),
832 2445 980 2512 suadetur
1003 2445 1052 2514 sui
1074 2445 1222 2526 cognitio,
1249 2442 1429 2529 praemedi-

302 2551 379 2616 tatio
402 2549 555 2615 mulorum
580 2547 621 2632 (υ.
647 2551 685 2612 11
711 2549 831 2632 et18).

387 2650 454 2718 Iam
478 2671 550 2717 vero
574 2652 739 2734 aggrediar
762 2651 803 2716 ad
826 2651 928 2736 ipsam
957 2671 1021 2715 rem
1050 2649 1253 2734 singulosque
1276 2647 1456 2734 epistolae'

302 2755 388 2822 louos
411 2775 483 2820 uum
506 2752 694 2836 Paedugogo
718 2753 892 2819 conferam:
917 2751 995 2818 Cum
1019 2754 1082 2818 οῦ
1105 2759 1224 2841 τροφαῖς
1244 2751 1275 2815 δὲ
1289 2753 1429 2840 χρηστέον

303 2859 334 2922 οὐ
361 2860 406 2921 διαί
431 2857 483 2941 τὴν
506 2858 670 2934 ἀπόλαυσιν,
694 2856 774 2920 ἀλλὰ
796 2857 840 2920 θιοί
862 2858 894 2920 τό
917 2855 1072 2940 βούλεσθαι
1094 2858 1152 2944 ζην
1175 2859 1219 2922 έπί
1240 2881 1265 2920 τι
1290 2861 1429 2945 χρήσιμον

302 2949 485 3030 &inferendi
507 2967 581 3028 sunt
601 2961 661 3026 loci
685 2982 715 3047 p.
739 2963 781 3026 26
803 2961 932 3031 laudati.
996 3027 1000 3032 ,
1086 2959 1089 2966 “

345 3065 418 3132 lust.
447 3083 474 3128 υ.
500 3067 518 3126 7
542 3065 608 3150 οίνιρ
635 3064 666 3130 θὲ
687 3069 837 3156 χρηστέον,
934 3064 1032 3130 Cium.
1056 3063 1093 3146 ll,
1117 3067 1158 3130 22
1182 3086 1211 3152 p.
1237 3068 1299 3131 179
1321 3067 1361 3136 εἰς
1383 3064 1429 3128 έσ-

301 3169 411 3232 ἐπειθοίν
433 3169 533 3252 μηκέτι
559 3176 617 3240 τοῖς
639 3173 839 3254 ἀναχνιθσμασι
890 3169 977 3255 πέραν
999 3173 1048 3232 τοῦ
1070 3170 1179 3234 δείπνου
1201 3169 1263 3256 περὶ
1284 3170 1337 3254 τίρν
1352 3170 1430 3258 ὥραν

302 3274 509 3360 σχολάζωμεν.
533 3275 548 3337 ὁ
570 3276 623 3362 χοίρ
647 3276 688 3360 μη
716 3283 840 3348 τοιοῦτος
891 3274 955 3358 οἴνῳ
973 3275 1123 3360 χρηστέον,
1136 3274 1245 3339 έπειθοὶν
1262 3278 1362 3359 μηκέτι
1374 3282 1433 3346 τοῖς
1562 3345 1566 3354 ,
1593 3331 1594 3342 ,

302 3427 309 3441 .
335 3427 341 3442 .
368 3427 374 3442 .
401 3416 407 3430 ·
444 3380 624 3466 θερμαίνεται
648 3389 783 3468 συνεχῶς.
892 3380 1092 3462 ἀναχνώσμασι
1106 3380 1301 3466 σχολάζωμεν
1325 3428 1332 3442 .
1358 3428 1365 3443 .
1391 3380 1432 3449 ὡς

892 3485 947 3546 θεῖν
960 3483 1121 3572 ὑποτρέφειν
1132 3485 1185 3569 τὴν
1199 3535 1205 3548 .
1220 3534 1228 3550 .
1242 3486 1331 3548 ἀλέαν
1343 3484 1430 3555 ἐπεισ-

301 3603 329 3650 υ.
355 3585 394 3648 12
417 3588 432 3648 ό
455 3584 486 3649 δέ
508 3587 582 3656 οἶνος
603 3593 675 3672 μήτε
702 3590 841 3676 ὁσημέραι
893 3595 970 3674 όκτιρ
999 3590 1154 3677 θερμότητι
1179 3588 1217 3673 Il,
1244 3591 1286 3654 23
1319 3591 1431 3678 κίρνασ-

301 3687 345 3750 έπὶ
366 3690 532 3774 τόμεθιίετν
555 3694 680 3756 πινέσθοι
702 3698 774 3779 μήτε
800 3695 841 3764 ὡς
892 3694 942 3756 θαι
964 3693 994 3757 δὲ
1017 3697 1128 3782 ἄριστον
1143 3698 1185 3780 τῷ
1206 3695 1283 3758 ίιθατι
1298 3695 1339 3766 ὡς
1352 3696 1431 3759 πλεί-

301 3794 376 3882 θθιορ
404 3795 604 3882 ἐπιζητείσθιυ.
640 3800 760 3889 ἑκάτερα
790 3798 840 3882 μὲν
893 3821 952 3884 στιρ
979 3800 1027 3862 τὸν
1054 3800 1125 3863 οίνον
1152 3800 1200 3863 καὶ
1226 3799 1267 3884 μὴ
1295 3799 1336 3871 ὡς
1358 3800 1433 3886 ίιθωρ

300 3902 353 3987 χὰρ
381 3902 451 3966 θεοῦ
477 3907 621 3988 ποιήματά
642 3905 737 3968 ἐστιν·
761 3906 841 3968 ἀλλὰ
892 3894 1087 3988 έπιζητεῖσθαι
1173 3907 1288 3991 ,ἄμφιυ
1310 3902 1361 3987 μὲν
1383 3912 1433 3968 τοῦ

299 4005 332 4067 τὸ
356 4004 407 4089 μέν
430 4007 505 4097 θθιυρ
528 4013 686 4095 ἀναχιιαῖον,
711 4012 725 4072 ὁ
746 4009 778 4072 θέ
800 4011 839 4072 οί-
890 4011 961 4072 θεοῦ
994 4015 1137 4094 ποιήματα
1169 4010 1217 4072 καί
1242 4010 1333 4091 ταότη
1364 4009 1434 4096 πρὸς

300 4133 348 4180 νος
370 4109 507 4194 βοηθείας
528 4120 608 4203 χάριν
635 4121 684 4178 τοῦ
708 4117 841 4198 σώματος
894 4113 993 4197 θφίειαν
1020 4121 1143 4201 συνεργεῖ
1168 4115 1188 4198 ἡ
1215 4123 1313 4201 κρᾶσις
1334 4113 1354 4196 ἡ
1378 4116 1432 4196 ἀμ-

300 4216 420 4299 ηέχυνεν.
894 4225 966 4304 φοῖν,
1002 4219 1102 4288 ὕδατός
1134 4241 1165 4281 τε
1197 4217 1244 4281 καί
1277 4219 1360 4295 οἴνου,
1393 4219 1434 4282 ότι
