3218 4896
664 301 853 365 ..9..

199 489 374 557 Stoicomm
398 489 564 556 formulam
588 491 787 574 agnoscimus
810 490 870 572 I,8
893 483 923 577 p.
943 493 1003 556 102
1020 489 1053 555 P.
1071 491 1251 579 ὑπαρορεὺσει
1274 489 1325 575 μὲν

197 601 255 658 τῶν
277 597 434 684 πρακτέων,
459 597 642 683 ἀπαγορεύσει
662 593 692 658 δὲ
709 602 766 658 τῶν
790 596 922 658 ἐναντίων
947 595 1000 678 (cf.
1025 595 1111 662 Stob.
1136 597 1193 663 ecl.
1208 596 1269 663 eth.
1294 618 1324 682 p.

200 701 261 765 192
284 699 322 768 H.
346 701 388 764 96
411 697 470 783 W,
493 700 546 765 ubi
568 698 823 766 Wachsmuthius
843 699 906 766 alia
928 700 1031 766 attulit
1049 700 1242 779 testimonia,
1260 698 1325 765 Cic.

199 802 239 869 de
258 803 320 886 leg.
336 801 359 884 l,
377 804 438 883 18),
462 803 594 868 eandem
620 810 750 889 usurpat
771 801 795 886 l,
819 803 859 867 65
881 824 912 888 p.
932 805 992 867 137
1016 801 1049 869 P.
1073 801 1097 884 Ι,
1122 804 1141 866 9
1164 823 1194 888 p.
1213 804 1274 866 102
1291 801 1325 868 P.

197 906 270 972 Alia
290 904 433 972 eiusdem
452 904 579 972 scholae
596 906 732 972 formula
747 907 824 974 satis
842 913 918 974 nota
933 907 1091 971 invenitur
1110 904 1132 988 I,
1156 907 1198 969 64
1214 926 1245 991 p.
1265 906 1326 969 136

198 1008 232 1076 P.
249 1009 384 1076 instintia
398 1015 447 1073 τοῦ
462 1008 524 1073 κατ’
541 1000 623 1084 ἀξίαν
638 1010 750 1098 ἑκάστῳ
769 1009 876 1096 [vulgo
892 1010 1025 1096 ἑκάστου]
1044 1011 1117 1074 ἐστίν
1133 1013 1325 1096 άπονεμητακή

199 1113 237 1180 of.
263 1112 348 1179 Stob.
377 1115 435 1182 eol.
464 1114 525 1183 eth.
558 1119 618 1182 102
647 1115 684 1183 H.
714 1118 755 1181 59
785 1114 833 1182 W.
864 1118 926 1182 104
953 1117 992 1184 Η.
1017 1118 1058 1181 60
1080 1114 1127 1182 W.
1151 1117 1326 1201 δικαιοσύνην

198 1219 355 1303 ἐπιστήμην
378 1220 585 1306 άπονεμητικὴν
606 1223 660 1306 τῆς
684 1211 766 1295 dilue
787 1220 909 1307 ἑκάστῳ,
931 1220 1016 1288 unde
1032 1220 1189 1288 Clementi
1205 1223 1327 1290 restitui

198 1323 275 1390 illud
291 1323 414 1412 ἑκάστῳ,
431 1323 494 1392 Cic.
509 1325 549 1392 de
561 1326 621 1408 leg.
638 1324 661 1407 I,
676 1327 726 1407 19,
742 1325 905 1393 Hierocles
921 1327 954 1390 in
966 1344 1079 1391 comm.
1093 1324 1134 1390 ad
1147 1345 1244 1392 carm.
1261 1346 1326 1391 aur.

198 1449 229 1514 p.
242 1427 330 1494 54Μ.
348 1427 447 1513 4711,
466 1428 555 1494 6811.
570 1427 665 1510 79Ν.,
679 1430 718 1492 83
728 1429 768 1494 M.
786 1427 870 1496 8511.
894 1427 996 1506 Quid?
1018 1428 1101 1512 quod
1117 1429 1150 1494 in
1163 1429 1327 1496 Clemente

197 1531 361 1614 1,39-52
374 1555 404 1620 p.
413 1536 473 1598 121
488 1533 739 1618 Psq.Stoicorum
755 1533 794 1598 de
807 1533 942 1600 hominis
955 1533 1172 1618 procreatione
1185 1532 1329 1600 doctrina

199 1637 375 1704 accuratius
389 1637 555 1722 exponitur
567 1655 660 1720 quam
678 1637 710 1702 in
725 1636 865 1702 frustulis
880 1636 990 1721 paucis
1005 1634 1091 1721 apud
1106 1634 1327 1722 dorographos

198 1739 380 1823 servatis¹)?
414 1733 519 1806 Etiam
541 1739 635 1825 plane
659 1738 773 1822 cidem,
797 1738 879 1823 quod
902 1739 935 1803 in
958 1738 1056 1805 altero
1079 1757 1117 1804 ac
1139 1741 1232 1805 tertio
1248 1739 1327 1805 libro

199 1844 405 1928 repperimus,
421 1841 527 1910 studio
550 1842 772 1909 vocabulorum
788 1843 851 1907 rim
869 1840 1050 1923 deliniendi,
1067 1843 1220 1924 originem
1235 1842 1326 1909 inda-

199 1946 295 2028 gandi
318 1945 499 2028 indulgetur
522 1944 544 2028 l,
568 1946 618 2011 65.
643 1946 684 2008 66
707 1966 738 2032 p.
763 1947 824 2009 137
851 1943 897 2028 P..
926 1946 1052 2008 75-87
1080 1965 1110 2030 p.
1138 1947 1198 2008 143
1224 1943 1256 2010 P.
1281 1966 1327 2030 sq.

198 2048 223 2131 l,
246 2051 287 2113 hb
314 2069 343 2134 p.
370 2050 432 2113 130
455 2048 490 2114 P.
519 2048 767 2115 clarissimorum
799 2069 909 2132 regum
943 2048 1029 2114 velut
1061 2047 1199 2134 Philippi
1233 2055 1328 2134 atque

198 2152 373 2219 Alexandri
418 2158 450 2218 et
485 2152 778 2238 potentissimorum
814 2153 950 2217 virorum
987 2152 1118 2218 vesania
1155 2154 1330 2236 castigatur

200 2255 375 2322 Stoicorum
404 2255 453 2320 rel
477 2254 666 2341 Cynicorum
694 2275 782 2321 more
809 2254 1001 2340 modoque¹).
1047 2253 1071 2338 I,
1095 2275 1121 2321 c.
1147 2257 1187 2320 13
1210 2276 1241 2342 p.
1268 2257 1328 2320 159

198 2359 232 2426 Ρ.
255 2380 300 2444 sq.
325 2379 394 2425 cum
419 2360 488 2444 ipse
504 2357 650 2425 Clemens
673 2358 830 2442 significet
852 2379 886 2426 se
910 2379 929 2425 a
951 2358 1063 2425 Stoicis
1086 2358 1238 2445 pendere,
1262 2365 1328 2424 tum

197 2461 341 2530 Potterus
376 2461 436 2528 hoc
469 2462 514 2527 ita
546 2461 703 2547 probavit,
730 2467 768 2529 ut
800 2461 888 2528 nulla
921 2463 1021 2548 possit
1054 2482 1125 2528 esse
1160 2461 1327 2528 dubitatio.
1396 2517 1402 2522 .

198 2565 260 2632 Sed
288 2565 367 2631 haec
394 2563 556 2631 hactenus.
601 2564 741 2631 Stoicum
769 2565 853 2629 enim
882 2564 1002 2631 fontem
1030 2566 1126 2630 etiam
1160 2566 1192 2630 in
1226 2565 1328 2650 primo

153 2703 158 2712 ·
197 2668 277 2735 libro
315 2689 335 2734 a
372 2666 535 2735 Clemente
572 2668 779 2754 compilatum
816 2688 886 2734 csse
920 2669 982 2733 iam
1021 2670 1222 2755 perspicuum
1259 2688 1329 2734 esse

198 2772 329 2838 ridetur.
376 2770 426 2837 An
450 2771 535 2838 idem
558 2779 667 2838 auctor
689 2772 740 2853 sit,
764 2792 856 2854 quem
885 2773 918 2836 in
947 2771 1046 2838 altero
1075 2776 1109 2838 et
1130 2773 1225 2838 tertio
1249 2772 1329 2838 libro

198 2875 352 2958 adhibuit,
379 2874 480 2940 fateor
503 2873 639 2940 dubitari
662 2894 767 2960 posse.
813 2874 876 2939 Sed
903 2875 1029 2941 interim
1052 2875 1146 2940 liceat
1169 2874 1246 2940 mihi
1269 2873 1329 2941 hoc

198 2999 254 3066 pro
278 2985 362 3045 certo
387 2998 522 3060 sumere,
547 2977 627 3063 quod
652 2985 780 3065 propter
808 2977 971 3044 doctrinae
999 2978 1238 3045 similitudinem
1265 2979 1330 3043 veri

198 3200 358 3256 Aristotelis
386 3200 495 3270 quidem
522 3215 590 3270 quos
622 3200 701 3254 affert
727 3200 805 3254 locos
832 3201 984 3272 putaverim
1012 3200 1172 3256 Ciceronem
1207 3218 1241 3254 ex
1270 3202 1329 3272 ipso

199 3287 350 3342 Posidonio
369 3286 551 3340 transtulisse.

282 3373 469 3444 Protrepticos
499 3372 584 3426 libros
613 3373 709 3427 Cicero
739 3373 823 3428 etiam
853 3377 966 3428 secutus
997 3377 1040 3426 est
1066 3373 1094 3426 in
1121 3372 1248 3426 laudibus
1274 3371 1330 3425 illis

197 3459 394 3531 philosophiae,
410 3474 478 3529 quas
492 3459 596 3530 passim
610 3458 687 3512 libris
700 3459 755 3512 suis
773 3459 895 3514 inseruit.
922 3459 1047 3514 Indidem
1062 3459 1178 3514 fortasse
1193 3459 1330 3514 Stohaeus

197 3546 288 3602 hausit
300 3547 328 3599 in
339 3545 482 3617 deperdito
495 3545 652 3614 eclogarum
661 3545 809 3600 ethicorum
821 3545 959 3615 prooemio
969 3545 1033 3613 (vol.
1044 3545 1065 3609 l,
1077 3562 1103 3616 p.
1114 3547 1201 3609 GW.).
1222 3545 1331 3612 Quanta

197 3633 277 3688 huius
301 3633 409 3702 generis
431 3631 562 3686 librorum
584 3631 736 3702 posteriore
759 3636 851 3686 aetate
876 3633 957 3703 copia
979 3631 1069 3693 fuerit,
1088 3648 1121 3684 ex
1140 3632 1177 3685 M.
1196 3631 1331 3684 Antonini

197 3719 230 3786 (Ι,
249 3721 276 3788 7)
301 3718 413 3774 fastidio
432 3734 526 3772 eorum
549 3718 614 3772 lieet
637 3717 811 3772 concludere.
847 3719 911 3788 lpse
929 3717 1072 3786 Augustus
1091 3718 1271 3772 Hortationes
1295 3716 1330 3769 ad

196 3805 397 3876 philosophiam
416 3804 581 3875 conscripsit
599 3801 687 3869 (Diels
699 3802 768 3858 Dox.
782 3819 871 3872 graec.
885 3820 910 3873 p.
923 3803 975 3870 83),
989 3802 1096 3857 Seneca
1108 3803 1330 3856 Exhortatioues.

196 3891 239 3945 idn
265 3890 445 3962 scriptoribus
478 3890 556 3945 nobis
587 3889 702 3943 servatis
730 3889 757 3941 in
788 3889 841 3943 hoc
873 3905 969 3960 campo
1001 3887 1131 3954 Galenus,
1154 3888 1329 3953 lamblichus,

194 3977 360 4032 Themistius
388 3977 493 4031 versati
520 3978 590 4031 sunt.
626 3974 754 4030 Clemens
782 3975 939 4030 christianis
967 3975 1038 4028 riam
1066 3975 1190 4044 praeivit,
1217 3990 1328 4044 quorum

199 4064 271 4118 haud
290 4064 369 4134 pauci
388 4061 592 4134 προτρεπτικοάς
609 4060 677 4132 πρὸς
694 4059 844 4130 μαρτύριον
861 4061 1037 4130 scripserunt.

284 4150 303 4217 ι)
323 4149 345 4216 Ι,
365 4149 398 4203 39
416 4167 443 4220 p.
464 4150 520 4203 121.
542 4149 589 4202 122
608 4148 642 4202 Ρ.
662 4145 697 4201 cl.
720 4146 833 4200 Aetium
851 4163 877 4217 p.
896 4147 947 4200 426
970 4146 1057 4207 Diels,
1085 4146 1107 4210 I,
1126 4146 1161 4200 48
1182 4162 1207 4215 p.
1228 4147 1277 4200 126
1295 4148 1327 4202 P.

196 4237 232 4292 cl.
249 4235 310 4290 ibid
328 4235 389 4300 417,
408 4236 475 4289 3-9
495 4239 523 4288 ot
540 4234 619 4305 proll.
639 4234 696 4298 188,
724 4234 757 4286 49
777 4251 802 4303 p.
825 4235 872 4287 127
890 4233 924 4286 Ρ.
944 4232 978 4287 ci.
997 4232 1064 4285 ibid.
1083 4232 1142 4296 425,
1164 4232 1202 4286 18.
