3218 4896
648 277 861 342 -39..

191 483 229 530 eo
251 465 393 547 tractari,
416 470 510 548 atque
533 484 552 528 e
574 449 724 531 Romanis
740 464 943 548 scriptoribus
968 464 1061 550 prImi
1083 463 1212 531 soeculi.
1249 462 1321 529 Alie

192 586 275 632 nuuc
290 566 448 652 proferam
464 567 621 652 exempla.
660 567 783 634 Seneca
804 566 840 632 B.
858 566 923 650 v11,
940 569 971 650 9,
986 570 1006 632 2
1022 574 1135 634 contra
1150 569 1321 653 pretiosam

192 669 421 754 supellectilem
448 669 590 752 loquens,
619 668 751 752 ,Video
773 669 885 754 inquit,
914 667 1109 738 'elaboratam
1137 670 1322 755 scrupulosa

193 770 397 846 distinctione
419 771 612 839 testudinem
641 821 648 836 .
672 822 679 838 .
708 773 728 836 3
752 771 853 838 Video
875 773 948 840 istic
971 773 1167 858 crystallina,
1190 792 1321 857 quorum

193 873 339 940 accendit
350 874 503 956 fragilitas
520 875 670 959 pretium:
695 876 835 940 omnium
855 876 939 942 enim
957 896 1061 942 rorum
1079 876 1222 962 voluptas
1233 875 1323 961 apud

191 977 355 1060 imperitos
378 977 447 1061 ipso
463 997 523 1061 quo
538 977 640 1058 Iugari
656 977 751 1044 debet
766 978 906 1063 periculo
923 980 1047 1046 crescit.
1082 977 1182 1044 Video
1198 997 1323 1044 murrea

194 1078 338 1162 poeula“.
377 1078 531 1161 Meminit,
555 1081 587 1144 ni
612 1079 712 1163 fallor,
735 1080 826 1148 huius
848 1081 909 1148 Ioci
933 1081 1013 1148 PIin.
1030 1081 1059 1146 b.
1077 1101 1107 1146 n.
1123 1066 1270 1162 XXXIII,
1286 1082 1321 1146 2:

196 1179 355 1262 „Murrina
383 1201 422 1246 ex
449 1181 562 1248 eadem
589 1181 701 1248 tellure
728 1190 759 1248 et
786 1183 972 1268 crystallina
1000 1181 1176 1264 effodimus,
1211 1182 1323 1266 quibus

193 1283 329 1367 pretium
351 1283 471 1350 faceret
491 1285 561 1371 ipsa
582 1284 758 1367 fragilitas“
783 1290 856 1368 etc,
879 1287 940 1352 nisi
962 1286 1042 1352 forte
1065 1286 1164 1352 mavis
1186 1291 1324 1352 statuere

194 1385 274 1452 tales
297 1386 472 1453 sententies
487 1387 520 1452 in
535 1388 595 1453 isto
612 1386 880 1456 declametIonum
897 1407 1013 1470 genere
1029 1387 1200 1454 sollemnes
1217 1386 1322 1454 luisse.
1401 1409 1402 1414 ¹

196 1485 262 1552 lum
297 1507 370 1552 vero
405 1487 516 1554 eadem
551 1488 636 1575 apud
672 1488 769 1556 Olem.
806 1491 1038 1576 repperiuntum
1073 1485 1110 1572 II,
1138 1491 1178 1552 35
1206 1510 1237 1575 p.
1263 1490 1323 1554 188

195 1593 387 1678 χρυσάστικτοί
408 1614 439 1654 τε
462 1593 509 1655 καί
531 1594 666 1678 χελώνης
687 1594 896 1677 πεποικιλμένοι
917 1594 1015 1676 κοίτης
1028 1593 1169 1662 κλισιάδες
1184 1599 1215 1658 et
1230 1603 1326 1658 antea

197 1697 242 1758 ναὶ
264 1696 321 1780 μὴν
344 1696 391 1758 καί
413 1704 552 1784 τορευτῶν
575 1700 717 1786 περίερχος
740 1697 787 1785 ἐφ’
801 1698 878 1784 ὑέλιρ
901 1688 1047 1771 κενοδοξία
1070 1699 1187 1762 δεδιέναι
1209 1719 1240 1758 τε
1264 1699 1325 1779 ἅμα

195 1801 242 1864 καί
263 1803 346 1864 πίνειν
370 1802 539 1865 διδάσκουσα
561 1805 734 1892 περιοριστέα
756 1806 811 1887 τῆς
832 1803 963 1886 εὐνομίας
985 1804 1078 1886 ἡμῶν.
1113 1801 1191 1870 Ibid.
1209 1800 1325 1885 pocula

195 1906 395 1989 λιθοκόλλητα
418 1906 645 1991 improbentur.

282 2025 389 2108 Pergit
410 2024 483 2091 Seu.
506 2025 528 2090 l.
551 2045 579 2090 o.
602 2028 637 2089 4:
663 2023 786 2105 „Video
809 2026 941 2091 uniones
958 2044 1021 2091 non
1037 2023 1177 2106 singulos
1193 2021 1324 2104 singulis

196 2129 323 2196 auribus
346 2133 557 2212 comparatos.
581 2127 645 2192 iam
668 2127 752 2191 enim
776 2128 970 2194 exercitatae
985 2146 1077 2194 aures
1092 2126 1180 2192 oneri
1195 2125 1324 2190 ferendo

196 2239 284 2297 sunt:
306 2231 476 2312 iunguntur
498 2230 579 2294 inter
601 2249 636 2296 se
660 2237 692 2294 et
718 2229 848 2314 insuper
870 2229 922 2294 alii
947 2229 1028 2295 binis
1051 2227 1324 2314 superponuntur“

175 2386 177 2390 .
195 2331 374 2418 (simillime
389 2332 520 2416 praebet
534 2331 614 2397 Plin.
632 2330 661 2398 b.
679 2350 710 2394 n.
726 2329 781 2412 III,
805 2331 862 2413 56)
887 2381 894 2394 .
918 2379 926 2396 .
944 2329 1065 2412 „Video
1081 2331 1199 2398 sericas
1215 2335 1327 2409 vestes,

195 2437 222 2503 si
247 2441 350 2502 vestes
371 2433 533 2500 vocandae
557 2439 639 2513 sunt,
662 2435 695 2498 in
718 2434 830 2516 quibus
857 2433 936 2499 nibil
959 2439 1017 2514 est,
1040 2453 1101 2517 quo
1124 2431 1252 2500 defendi
1275 2437 1329 2496 aut

198 2557 313 2624 corpus
346 2545 401 2602 aut
437 2537 572 2620 denique
609 2536 713 2622 pudor
748 2537 858 2621 possit,
896 2536 1008 2620 quibus
1045 2538 1179 2622 sumptis
1215 2556 1327 2622 perum

197 2639 315 2724 liquido
338 2640 457 2706 nudam
480 2661 516 2706 se
538 2660 601 2706 non
625 2659 695 2705 esse
717 2640 834 2706 iurabit
857 2688 864 2704 .
890 2689 897 2706 .
923 2689 930 2706 .
954 2645 990 2706 ut
1011 2647 1175 2706 matronae
1201 2647 1327 2705 nostrae

197 2763 237 2807 ne
265 2741 418 2808 adulteris
446 2742 573 2826 quidem
601 2741 674 2827 plus
701 2743 750 2808 sui
778 2742 811 2808 in
841 2742 984 2807 cubiculo
1012 2762 1105 2826 quam
1134 2744 1166 2808 in
1199 2741 1327 2827 publico

199 2843 396 2910 ostendent.“
444 2843 660 2910 Conferendus
688 2851 736 2910 est
762 2843 802 2910 de
830 2845 996 2910 unionibus
1027 2842 1125 2912 Olem.
1149 2843 1187 2925 II,
1212 2845 1272 2910 118
1296 2863 1326 2928 p.

198 2948 271 3027 241,
294 2945 379 3011 idem
404 2947 466 3010 124
487 2968 518 3032 p.
542 2948 606 3012 246
628 2948 682 3016 τάς
703 2947 734 3010 δε
757 2947 804 3010 καί
826 2948 988 3030 θαυμάζειν
1014 2947 1100 3011 ἔπεισί
1126 2971 1180 3031 μοι,
1209 2947 1250 3018 ὡς
1273 2950 1329 3034 ἄρα

199 3049 249 3112 οὐκ
272 3051 466 3112 άπυκναίονται
488 3058 622 3114 τοσοῦτον
645 3052 738 3137 άχδος
761 3051 965 3135 βαστάζουσαι.
1000 3050 1043 3134 11,
1068 3053 1129 3116 107
1152 3072 1184 3138 p.
1207 3053 1272 3116 234
1292 3049 1328 3115 P.

198 3156 234 3215 τά
258 3202 264 3216 .
291 3203 297 3216 .
325 3203 331 3216 .
355 3156 479 3240 διαφανῆ
502 3156 622 3242 ἔλεγχός
644 3157 702 3219 ἐστι
724 3157 845 3227 διανοίας
868 3157 918 3220 οὐκ
941 3157 1105 3246 ἐρρωμένης
1128 3155 1214 3241 ὀλίχιρ
1237 3176 1328 3241 παρα·

198 3265 355 3341 πετάσματι
381 3260 433 3342 τὴν
461 3262 596 3346 αἰσχύνην
623 3267 673 3324 τοῦ
701 3263 835 3344 σώματος
862 3263 1114 3349 προαχοιχειίυντα.
1143 3260 1175 3322 οὐ
1202 3261 1255 3349 χάρ
1290 3259 1330 3321 ἔτι

200 3366 290 3447 σκέπη
314 3365 333 3447 ἡ
357 3363 531 3451 ἁβροδίαιτος
549 3366 622 3428 ἐστιν
645 3366 739 3450 ε’σίλης
761 3367 793 3429 τὸ
817 3367 918 3452 σχῆμα
940 3374 993 3451 τῆς
1015 3369 1189 3450 χυμνότητος
1203 3365 1329 3453 κρύπτειν

201 3467 241 3551 μὴ
270 3469 412 3552 δυναμένη
443 3518 449 3531 ,
475 3518 482 3532 .
509 3519 515 3532 .
542 3519 549 3533 .
578 3472 626 3533 τὸν
648 3472 732 3534 τάπον
756 3472 923 3554 ἐκμάττεται
945 3474 999 3555 τῆς
1021 3473 1159 3555 χυναικός,
1184 3467 1253 3532 ὥστ’
1277 3469 1349 3554 οὐχ’

202 3573 300 3659 ὁρῶντι
323 3573 455 3656 (Jacobs
483 3573 524 3660 τῷ
546 3573 571 3658 χ’
585 3576 699 3664 ὁρῶντι)
722 3576 775 3660 τὴν
799 3578 871 3660 ὅλην
886 3583 936 3640 τοῦ
952 3577 1086 3659 σώματος
1108 3576 1178 3638 εἶναι
1201 3573 1329 3662 φανεράν

204 3677 366 3762 διάδεσινί).

203 3791 407 3801 -.....-.-..--

287 3831 307 3898 1)
325 3829 398 3884 Plin.
422 3830 448 3883 b
471 3846 498 3886 n.
517 3830 567 3895 VI,
592 3833 623 3886 17
647 3830 716 3900 (20);
746 3836 795 3899 „ut
821 3832 851 3886 in
877 3832 988 3902 publico
1015 3837 1142 3885 menone
1166 3828 1330 3884 traluceet“.

201 3916 279 3970 Idem
296 3915 376 3980 XIII,
394 3916 411 3970 3
429 3917 479 3984 (4)ι
507 3916 636 3980 „odorem
660 3917 708 3985 qui
730 3918 802 3985 gerIt
824 3918 885 3987 ipse
909 3933 964 3972 non
981 3917 1090 3981 σκοπεῖθ’,
1109 3916 1144 3970 cf.
1163 3931 1232 3984 quse
1251 3914 1331 3970 attuli

200 4017 227 4070 p.
248 4003 279 4054 17
303 4000 384 4055 Alios
406 4000 493 4054 Plinii
514 4000 591 4056 locos
613 4001 718 4067 omitto,
737 4002 836 4071 quibus
859 4003 987 4056 similitor
1009 4002 1044 4055 de
1063 4001 1222 4070 conchyliis,
1241 4000 1331 4067 lectis,

201 4085 297 4154 coquis
324 4085 444 4154 loquitur
471 4089 552 4154 atque
581 4086 731 4140 Clementis
758 4091 862 4142 auctor.
898 4087 988 4140 Multa
1014 4103 1083 4155 quae
1110 4087 1163 4139 huc
1191 4086 1332 4156 pertinent

201 4169 316 4240 collegit
333 4171 497 4226 Vorheusen
515 4172 532 4226 l.
551 4187 575 4228 c.
593 4189 620 4241 p.
640 4174 671 4226 17
690 4187 731 4242 sq.
