3218 4896
654 281 866 352 ...43-

196 477 245 536 tas
268 468 401 536 Romam
425 468 601 534 invasisset.
641 467 734 536 Velut
749 467 875 535 ‘Plinius
898 466 997 535 maior
1012 465 1158 551 ‘Graecos
1182 465 1324 532 nominat

198 573 343 638 uitiorum
365 571 505 636 omnium
528 570 686 652 genitores
709 577 742 634 ct
762 569 871 634 Asiam
900 567 978 636 dicit
1004 570 1139 653 primum
1167 568 1323 652 devictam

197 674 351 740 lunuuam
375 672 500 738 misisse
522 673 555 738 in
577 669 701 739 ltaliam
724 671 776 751 (ol.
800 671 871 736 Juv.
894 669 946 754 lll,
969 671 1143 754 rua—125).
1177 669 1326 735 Similiter

198 775 369 842 Olennentir
403 781 512 840 auctor
546 772 737 844 Graecorum
770 773 927 838 luxuriam
960 774 1132 840 insectatur
1164 771 1213 837 his
1247 772 1325 838 locis

196 877 252 961 Ill,
277 880 316 943 13
339 898 369 963 p.
393 879 456 941 259
483 879 618 965 ἀνέτγιεψέ
643 877 696 960 τὴν
712 876 847 939 Ἑλλάδα
868 877 889 959 ἡ
912 875 1054 963 βάρβαρος
1081 876 1253 962 φιλυκυσγιία
1279 875 1327 938 καί

197 983 217 1066 ἡ
245 983 411 1069 ἀνδρόγυνος
436 985 529 1068 τρυφή
559 979 596 1063 ΙΙ,
620 983 660 1043 72
688 1001 717 1065 p.
741 983 804 1045 213
831 981 949 1044 ἐπίδοσιν
976 981 1124 1065 λαβούσης
1150 983 1190 1050 εἰς
1215 982 1325 1068 τρυφὴν

197 1094 250 1171 τῆς
271 1087 418 1156 Ἑλλάδος
440 1089 517 1176 μετὰ
545 1087 581 1148 τὰ
604 1085 720 1168 Μηδικά
745 1122 782 1150 ,-
809 1087 870 1149 mo
892 1106 923 1170 p.
947 1088 1021 1169 233,
1046 1088 1108 1150 125
1130 1106 1161 1171 p.
1185 1085 1248 1152 246
1270 1107 1325 1147 τοι-

199 1199 280 1255 αῦται
305 1193 394 1255 τοίνυν
415 1193 531 1254 ‘ulem
559 1192 587 1253 ui
613 1197 661 1254 νῦν
689 1192 740 1252 εἰσι
773 1196 909 1273 γυναῖκες.
957 1187 1092 1255 Omnino
1127 1190 1327 1258 abominatur

198 1297 397 1381 peregrinam
419 1296 576 1361 luxuriam
599 1303 631 1360 et
653 1299 818 1360 externam
834 1292 1058 1379 opulentiam)
1076 1311 1147 1356 vore
1162 1311 1326 1357 romanam

199 1398 258 1464 hac
279 1399 311 1462 iu
335 1419 368 1462 re
390 1406 515 1464 secutus
537 1398 702 1462 rationem.
748 1395 788 1460 ut
809 1395 986 1460 Romanum
1009 1395 1115 1475 etiarn,
1138 1395 1164 1460 si
1188 1394 1328 1475 singulos

199 1507 380 1586 spectamus
401 1501 507 1581 locos,
535 1499 749 1582 agnoscimus:
779 1495 814 1578 11,
844 1499 863 1560 3
886 1517 917 1581 p.
942 1497 1005 1562 164
1030 1502 1185 1562 venantur
1212 1498 1250 1578 ei,
1275 1498 1359 1580 qui·

201 1605 310 1669 omnia
331 1604 433 1669 maria
454 1611 615 1686 terrasque
638 1608 825 1681 scrutentur,
848 1606 883 1665 ut
897 1601 947 1666 vel
969 1620 1008 1664 ex
1031 1599 1210 1682 longinquis
1227 1602 1327 1666 maxi-

192 1710 315 1789 'meque
351 1706 479 1772 remotis
515 1703 696 1786 regionibus
733 1704 920 1786 conquirant
955 1701 1050 1783 gulae
1086 1702 1326 1768 oblectamenta.

199 1807 284 1873 Inter
306 1825 387 1892 quae
408 1814 572 1872 enumerat
591 1807 762 1895 Πελωρίδας
783 1809 898 1892 κόγχας,
922 1807 1010 1893 ὄρνεις
1031 1804 1096 1874 τοὺς
1118 1806 1172 1868 ἀπὸ
1195 1805 1327 1880 Φάσιδος,

201 1914 325 1994 ἀτταγᾶς
347 1911 506 1994 Αἰγυπτίας.
554 1910 640 1977 Haec
662 1911 702 1976 ab
725 1909 940 1976 Alexandrino
964 1910 1116 1994 scriptore
1143 1911 1225 1974 inter
1251 1930 1328 1994 cup·

199 2015 311 2100 podiae
334 2033 373 2081 ex
396 2015 508 2080 alienis
530 2016 621 2080 terris
644 2015 830 2098 importatas
854 2013 960 2078 referri
985 2031 1048 2077 non
1069 2012 1209 2096 potuisse
1232 2019 1327 2096 patet

200 2117 242 2182 Et
269 2117 445 2182 Romanum
480 2135 550 2182 esse
584 2122 744 2181 auctorem
772 2135 811 2179 ea
838 2135 871 2184 re
898 2114 1111 2195 confirmatur,
1138 2113 1221 2197 quod
1249 2133 1329 2198 quae

200 2218 292 2285 ltalia
324 2219 455 2304 ferebat,
488 2218 583 2303 plane
616 2218 810 2296 omittuntur,
845 2235 925 2299 quae
952 2215 1187 2282 Alexandrinus
1220 2223 1330 2282 auctor

202 2329 287 2388 certe
309 2326 596 2386 commemorasset.
640 2317 739 2384 Plane
760 2317 844 2382 idem
869 2318 955 2382 cadit
976 2319 1009 2382 in
1031 2317 1134 2384 locum
1159 2319 1211 2402 qui
1227 2326 1331 2384 exstat

203 2423 239 2505 ll,
264 2426 325 2486 115
347 2443 378 2507 p.
401 2425 479 2486 239:
504 2423 594 2486 οὐκέτι
616 2425 668 2492 τοὶς
690 2423 795 2490 ὀθόνας
816 2423 869 2490 τὰς
891 2418 950 2484 ἀπ’
974 2421 1157 2506 Αἰγύπτου,
1179 2416 1277 2491 Ιἄλλοις
1298 2423 1329 2484 δέ

202 2549 278 2597 τινας
300 2526 332 2588 ἐκ
353 2527 408 2609 τῆς
430 2527 493 2609 (sic
515 2528 618 2593 scribo
641 2546 698 2611 pro
720 2527 788 2609 γῆς)
806 2526 948 2613 Ἐβραίων
970 2527 1018 2589 καί
1039 2527 1164 2590 Κιλίκων
1191 2527 1329 2614 ἐκπορι-

203 2636 345 2714 ζόγιενυι
365 2632 421 2714 γῆς
442 2628 496 2700 (cf.
519 2628 572 2710 ΠΙ,
596 2629 637 2694 10
660 2649 689 2714 p.
712 2633 801 2713 257).

289 2734 431 2819 Apparet
468 2733 562 2813 igitur
600 2731 720 2797 Romae
754 2733 917 2816 scripsisse
951 2731 1122 2800 Clementis
1156 2741 1330 2815 auctorem,

205 2840 309 2923 ipsum
336 2835 531 2915 Clementem
561 2853 618 2899 sua
645 2834 846 2916 neglegentia
873 2855 964 2900 nsum
992 2837 1092 2900 multa
1120 2836 1330 2918 transtulisse,

207 2959 287 3024 quae
314 2938 440 3024 proprio
468 2936 600 3002 Romam
633 2937 839 3020 pertinerent.
885 2936 1049 3004 Musonius
1082 2945 1188 3004 autom
1220 2959 1331 3005 revera

204 3043 354 3108 maiorem
377 3041 462 3105 vitae
484 3045 606 3124 partem
630 3037 749 3104 Romae
772 3038 867 3122 degit.
892 3038 1148 3106 Consentaneum
1176 3047 1228 3108 est
1248 3041 1331 3107 hunc

204 3143 474 3210 accuratissimam
502 3141 589 3206 illam
619 3142 761 3206 notitiam
789 3161 989 3207 romanorum
1016 3162 1139 3208 morum
1162 3143 1221 3208 sibi
1245 3163 1331 3209 com·

204 3265 344 3332 parasse,
379 3265 440 3328 qua
473 3243 600 3309 excellit
634 3241 806 3310 Clementis
840 3249 959 3325 auctor,
991 3251 1023 3309 et
1050 3245 1176 3311 novisse
1199 3243 1332 3310 divitum

204 3348 420 3431 nobiliumque
442 3345 527 3426 vitia,
551 3364 632 3427 quae
657 3346 828 3430 praecipue
855 3347 1049 3427 castigantur
1075 3347 1109 3410 in
1131 3344 1330 3429 Paedagogo.

204 3450 275 3536 lpse
298 3451 382 3515 enim
405 3455 472 3514 erat
494 3445 613 3512 ordinis
635 3448 802 3530 equestris,
825 3447 957 3528 insignis
980 3447 1116 3513 nominis
1144 3448 1331 3514 claritudine

204 3552 294 3634 (Tac.
318 3572 391 3617 ann.
416 3553 466 3632 15,
491 3549 560 3631 71),
583 3550 723 3616 amicitia
745 3568 783 3616 ac
804 3549 1018 3616 familiaritate
1047 3551 1233 3618 coniunctus
1260 3572 1331 3616 cum

204 3654 408 3720 nobilissimis
437 3651 520 3717 viris.
566 3649 675 3735 Neque
704 3653 817 3717 mirum
845 3659 893 3719 est
920 3672 992 3718 eum
1020 3653 1073 3736 qui
1104 3655 1194 3737 quasi
1215 3655 1333 3738 publici

292 3907 311 3975 ¹)
329 3906 368 3972 ΙΙ,
385 3908 420 3963 30
436 3923 463 3977 p.
483 3907 541 3972 181,
559 3907 592 3962 35
610 3925 636 3976 p.
657 3907 715 3972 188,
734 3909 775 3963 ll.
793 3907 827 3962 42
845 3924 872 3978 p.
894 3908 949 3972 193,
971 3909 1017 3960 101
1036 3924 1063 3976 p.
1081 3909 1141 3972 234,
1161 3909 1210 3962 116
1228 3924 1255 3977 p.
1274 3909 1333 3975 210,

208 3993 256 4046 118
274 4010 300 4062 p.
320 3993 385 4056 2413
403 3991 454 4058 III,
472 3993 507 4047 30
524 4010 550 4063 p.
569 3993 628 4056 271,
646 3993 680 4046 58
698 4009 725 4062 p.
743 3993 802 4048 281.

291 4076 436 4148 Aegyptus
454 4078 564 4147 saepius
582 4076 621 4130 ita
645 4080 878 4142 commemoratur,
902 4082 932 4132 ut
955 4081 1093 4132 auctorem
1116 4077 1333 4134 Alexandrinum

205 4179 260 4216 non
277 4163 360 4216 luisse
378 4166 483 4232 pateat,
500 4179 525 4224 v.
544 4163 580 4228 11,
598 4164 633 4217 40
649 4179 676 4233 p.
698 4164 754 4228 192,
773 4164 806 4217 42
824 4181 850 4232 p.
871 4165 932 4230 1933
951 4163 1002 4230 111,
1021 4167 1037 4217 4
1056 4181 1082 4233 p.
1100 4164 1161 4218 253.
