3218 4896
662 295 874 356 ..51-

203 491 287 550 terra
309 484 431 551 scilicet
453 483 568 566 (Olem.
592 480 629 562 ΙΙ,
655 483 715 547 119
738 502 768 566 p.
793 483 856 544 242
880 481 936 564 ὕλη
959 455 1085 568 γεώδης)
1108 465 1203 567 plane
1219 483 1334 565 glorio·

203 589 276 670 sior,
301 589 449 672 quoniam
472 587 505 651 in
528 583 767 650 maledictorum
796 585 994 650 metallorum
1024 587 1174 652 feralibus
1201 586 1334 652 officinis

203 690 330 776 poenali
358 678 456 775 opera
483 687 659 773 depurgata
685 687 747 768 (sic
774 688 877 754 scribo
905 708 964 773 pro
991 688 1191 775 ‚deplorata‘)
1218 709 1334 755 nomen

202 795 361 859 terracin
384 794 457 874 igne
480 791 625 874 reliqnit“
651 790 690 856 ci.
720 809 746 856 c.
775 793 795 853 2
824 791 1042 873 „metallorum
1072 812 1170 876 opera
1195 790 1333 857 nudave-

203 897 309 975 rant“;
333 894 431 960 Olem.
456 891 493 975 ΙΙ,
518 894 581 956 120
602 893 634 954 τὸ
658 892 688 955 δὲ
711 897 903 981 κεκρυμμένον
926 895 1038 982 χρυσίον
1067 895 1114 957 καί
1141 893 1207 963 τοὺς
1234 895 1336 964 λίθους

203 1003 228 1064 οἱ
259 1001 311 1084 τὴν
344 1000 388 1062 ἐπὶ
421 1000 539 1083 θανάτῳ
574 1003 727 1087 κεκριμένοι
760 1007 933 1089 γεωρυχοῦσι
966 998 1032 1088 παρ’
1069 1001 1147 1084 ἡμῖν,
1184 1002 1246 1065 119
1279 999 1333 1065 fin.

202 1104 285 1172 Tert
308 1103 513 1189 paulopost:
538 1097 676 1185 „Quodsi
705 1104 745 1170 de
772 1106 922 1189 qualitate
950 1125 1025 1172 usus
1053 1105 1155 1187 gloria
1182 1109 1230 1170 ost
1257 1123 1333 1168 auro

203 1213 237 1274 et
258 1213 399 1291 argento,
423 1206 531 1289 atquin
553 1208 655 1288 magis
678 1207 760 1272 ferro
789 1213 823 1274 et
848 1210 924 1291 aeri,
951 1229 1082 1292 quorum
1109 1208 1154 1272 ita
1181 1206 1335 1291 disposita

202 1318 250 1377 est
272 1309 449 1377 utensilitas
472 1309 568 1396 (χρεία
590 1329 618 1372 v.
642 1329 673 1393 p.
697 1311 739 1390 4),
762 1317 796 1376 ut
819 1316 850 1375 et
871 1311 1015 1395 proprias
1038 1329 1151 1395 operas
1173 1309 1280 1394 plures
1303 1314 1335 1375 ot

201 1414 432 1480 necessariores
455 1411 497 1497 (v.
521 1411 612 1496 ibid.)
636 1411 806 1477 exhibeant
827 1412 921 1479 rebus
943 1411 1091 1478 humenis
1114 1461 1121 1476 .
1146 1461 1154 1476 .
1175 1462 1183 1477 .
1203 1410 1332 1492 Viderit,

97 1601 99 1606 Ι
202 1517 229 1600 ai
252 1515 348 1581 etiem
371 1512 413 1580 ad
428 1534 543 1600 spurca
564 1515 782 1581 instrumentis
805 1516 873 1582 auri
896 1521 928 1580 et
949 1516 1071 1600 argenti
1093 1514 1226 1580 demens
1242 1513 1335 1597 copia

203 1618 348 1684 deservit.
402 1615 494 1684 Certa
532 1637 591 1684 nec
625 1636 702 1700 ager
735 1619 802 1683 auri
839 1635 935 1704 opere
971 1622 1112 1704 paratur,
1151 1635 1211 1682 nec
1244 1616 1333 1681 navis

202 1719 326 1808 argenti
354 1721 461 1802 vigore
494 1721 680 1788 contexitur.
727 1718 854 1786 Nullum
889 1719 1001 1788 bidens
1034 1739 1145 1786 aurum
1179 1717 1334 1799 demergit

201 1822 234 1887 in
262 1830 389 1905 terram,
423 1823 527 1890 nullus
562 1823 670 1890 clavus
702 1831 868 1906 argentum
901 1825 1026 1889 intimat
1057 1823 1184 1889 tabulis.
1231 1820 1332 1887 Taceo

201 1926 297 1992 totins
337 1926 420 1991 vitae
454 1927 660 1994 necessitates
695 1971 849 1991 .....
882 1926 1057 2011 potioribus
1099 1930 1249 2008 qnantum
1291 1921 1334 1988 ad

201 2028 439 2110 utensilitatem,
468 2029 609 2094 materiis
636 2028 890 2112 praeferantur“;
925 2027 1024 2094 Olem.
1058 2026 1096 2109 ΙΙ,
1130 2029 1172 2090 35
1204 2047 1235 2110 p.
1272 2026 1333 2088 188

201 2133 289 2214 σκεύη
319 2135 426 2219 ἀργυρᾶ
452 2152 483 2193 τε
510 2131 557 2192 καί
579 2140 672 2219 χρυσᾶ
695 2179 702 2193 .
729 2179 736 2194 .
762 2179 769 2193 .
794 2132 834 2201 εἰς
863 2132 960 2201 ἄλλας
984 2136 1070 2206 τινας,
1098 2131 1264 2216 αἰσχύνομαι
1287 2129 1334 2191 καί

200 2237 300 2319 λέγειν,
325 2237 432 2322 χρείας,
458 2237 499 2299 39
522 2256 552 2319 p.
578 2237 639 2299 191
668 2235 822 2322 υάροθάκας
857 2239 979 2324 ἀργυρᾶς
1013 2236 1060 2298 κοί
1095 2236 1197 2318 ἀμίθας
1232 2233 1330 2310 ἀελᾶς,

200 2342 240 2402 37
263 2360 294 2424 p.
320 2340 381 2426 l89
405 2341 429 2402 εἰ
455 2345 509 2426 γάρ
536 2361 577 2402 τοι
604 2346 770 2427 γεωργοῦσιν
805 2342 872 2425 ἡμῖν
907 2341 1043 2425 δικέλλης
1077 2341 1135 2404 ἐστὶ
1168 2341 1250 2428 χρεία
1284 2339 1332 2402 καί

199 2445 328 2529 ἀρότρου,
358 2444 509 2528 μακέλλην
537 2442 562 2507 θ’
576 2444 627 2507 οὐκ
655 2447 689 2507 ἄν
715 2467 756 2515 τις
783 2449 905 2534 ἀργυρᾶν
933 2445 996 2510 οὐδὲ
1025 2449 1102 2530 ἀμην
1124 2453 1233 2534 χρυσῆν
1256 2445 1330 2530 χαλ-

198 2548 273 2610 κεὺυι
297 2595 304 2614 .
331 2596 338 2610 .
364 2597 371 2610 .
397 2597 404 2611 .
430 2549 470 2611 olo
494 2552 555 2634 (so.
580 2549 702 2635 σκευῶν)
737 2553 838 2639 μέτρον
867 2553 887 2636 ἡ
915 2553 1006 2639 χρεία,
1042 2551 1084 2635 μὴ
1111 2553 1132 2634 ἡ
1162 2550 1331 2613 πολυτέλεια

197 2654 335 2736 γενέσθω.
360 2688 401 2698 -
425 2652 503 2718 O.7
539 2652 647 2735 „Haec
673 2655 781 2720 omnia
807 2654 847 2720 de
878 2656 1006 2723 raritate
1034 2663 1065 2722 et
1097 2655 1326 2739 peregrinitate

198 2758 267 2824 sola
288 2757 423 2839 gratiam
445 2755 642 2841 possidebo,
666 2775 692 2822 c.
710 2758 740 2839 9,
756 2757 809 2823 lib.
826 2756 865 2840 ΙΙ,
883 2759 937 2839 10;
963 2756 1061 2846 Glem.
1085 2757 1122 2838 ΙΙ,
1141 2759 1180 2820 15
1203 2775 1233 2840 p.
1252 2758 1326 2837 174,

198 2862 239 2923 35
262 2881 292 2945 p.
319 2860 390 2941 188,
415 2861 475 2922 121
499 2878 530 2943 p.
554 2861 626 2923 243.
652 2896 692 2906 -
717 2858 751 2926 O.
776 2861 795 2923 9
819 2867 898 2926 extr.
923 2859 1011 2943 „Hae
1034 2867 1108 2926 sunt
1130 2860 1212 2924 vires
1228 2857 1329 2923 ambi-

197 2963 301 3043 tionis,
329 2968 488 3028 tantarum
511 2961 763 3029 'substantiarum
790 2981 920 3030 usuram
946 2983 1008 3028 uno
1036 2969 1069 3028 et
1089 2962 1236 3028 muliebri
1259 2979 1329 3026 cor·

197 3064 328 3150 posculo
357 3063 516 3128 baiulare“
546 3063 586 3129 cf.
613 3063 661 3130 De
688 3064 786 3149 pallio
814 3067 845 3147 5,
867 3084 898 3149 p.
923 3067 995 3147 947,
1024 3063 1122 3130 Clam.
1145 3062 1182 3144 ΙΙ,
1213 3064 1276 3125 124
1297 3079 1329 3145 p.

2 3190 7 3211 ¹
68 3178 71 3184 '
198 3169 261 3231 246
285 3167 446 3249 θαυμάζειν
470 3167 556 3230 ἔπεισί
579 3189 634 3249 μοι,
660 3166 700 3238 ὡς
723 3171 779 3255 ἄρα
802 3167 853 3230 οάκ
876 3169 1070 3232 ἀποκναίονται
1086 3173 1218 3230 τοσοῦτον
1234 3165 1329 3251 ἄχθος

197 3270 401 3353 βαστάζουσαι.
426 3310 468 3320 -
491 3272 545 3337 lib.
567 3269 605 3353 ΙΙ,
630 3273 646 3333 1
673 3270 795 3351 „Quota
817 3271 953 3356 deniquo
969 3279 1026 3355 est,
1049 3291 1130 3356 quae
1146 3291 1186 3336 ne
1201 3271 1329 3355 plaeere

197 3375 325 3459 quidem
360 3375 519 3442 extraneis
553 3373 799 3458 concupisoot“?
846 3373 943 3440 (llam.
970 3373 1021 3457 ΠΙ,
1052 3376 1092 3438 10
1114 3393 1146 3459 p.
1170 3375 1232 3437 257
1261 3394 1328 3435 κοσ-

196 3485 311 3562 μοῦνται
333 3486 396 3566 γάρ,
420 3480 466 3541 ίνα
489 3479 597 3548 ἄλλοις·
613 3479 766 3564 ἀρέσκοιεν.
791 3513 833 3522 -
856 3479 919 3542 ab
944 3476 998 3557 „In
1020 3476 1109 3541 illum
1125 3477 1210 3542 onim
1226 3474 1328 3542 dolin-

98 3631 101 3636 -
196 3590 309 3667 quum,
347 3603 427 3667 quae
469 3586 575 3648 cutem
617 3579 881 3646 medicaminibus
919 3584 1041 3661 urgent,
1079 3597 1178 3661 genas
1215 3578 1328 3644 rubore

196 3686 369 3769 maculant,
392 3685 501 3752 oculos
523 3684 654 3766 fuligine
676 3684 840 3768 porrigunt
864 3731 871 3745 .
895 3729 903 3746 .
928 3730 936 3745 .
961 3730 968 3744 .
991 3679 1229 3765 reprehendunt
1251 3680 1327 3744 arti·

194 3787 306 3854 tioem“
335 3789 373 3854 ol.
401 3788 454 3854 lib.
483 3785 507 3870 Ι,
535 3789 565 3850 2.
604 3784 653 3851 De
675 3784 734 3851 vel.
760 3785 836 3868 virg.
866 3785 917 3865 12,
946 3781 1044 3848 Olem.
1073 3781 1124 3864 ΙΙΙ,
1153 3783 1172 3844 6
1200 3802 1231 3866 p.
1264 3784 1329 3845 254

195 3894 341 3978 φυράμασί
364 3915 415 3954 τισι
439 3891 703 3972 καταπλαττόμενα
725 3887 886 3974 τράχουσιί)
911 3885 962 3969 μὲν
985 3886 1032 3948 τάν
1055 3890 1164 3972 χρᾶιτα,
1181 3885 1328 3972 ὀρύττουσι

281 4097 300 4164 ¹)
318 4097 366 4153 Sic
384 4098 582 4152 Tertullianum
595 4096 706 4150 secutus
719 4093 815 4164 scripsi
829 4108 878 4162 pro
893 4091 1021 4161 ψᾶχοοσι,
1039 4093 1145 4148 Jacobs
1163 4096 1191 4146 et
1209 4091 1330 4146 Dindorf

193 4182 319 4254 ψήχουσι.

1137 4259 1169 4314 4*
