3218 4896
754 289 976 373 -6..’

375 499 488 567 Adhuc
525 499 593 568 sola
630 499 786 585 principia
820 501 932 578 stoica,
966 498 1077 583 quibus
1115 500 1204 583 quasi
1240 499 1416 566 continetur

291 609 509 684 argumentum
526 602 655 668 alterius
671 603 798 668 61161111
813 602 885 668 libri
899 600 1037 684 adhibui,
1054 607 1091 669 61
1104 602 1271 688 probarem
1284 602 1415 668 stoicum

289 706 402 772 librum
425 727 446 772 a
468 706 631 773 Clemente
655 706 857 791 compilatum
881 724 961 772 erse.

375 811 454 876 Sunt
476 811 549 877 vero
573 811 668 898 etiam
691 809 754 874 alia
776 809 909 891 vestigia
931 828 994 874 non
1016 827 1128 894 pauca,
1145 809 1255 894 quibus
1275 807 1414 874 Stoicum

289 913 564 1001 deprehendimus.
605 913 697 980 Velut
711 913 881 999 plurimum
898 932 1013 999 operae
1030 915 1222 979 consumitur
1236 915 1268 979 in
1284 912 1415 997 singulis

288 1018 417 1084 vocibus
439 1015 627 1083 definiendis
651 1023 683 1082 at
704 1017 734 1081 vi
758 1036 866 1082 aarum
895 1016 1097 1082 subtilissime
1125 1035 1197 1082 curn
1225 1014 1416 1102 explicanda

287 1129 355 1187 tum
371 1119 596 1202 distinguenda
618 1140 637 1184 6
659 1120 854 1205 synonymis.
893 1118 982 1196 Quod
1005 1119 1196 1202 argutiarum
1219 1140 1318 1202 genus
1334 1119 1414 1186 Stoi÷

288 1244 395 1291 corum
418 1224 578 1310 proprium
607 1211 664 1290 est.
708 1223 811 1307 Atque
840 1220 924 1288 haud
951 1243 1069 1308 paucas
1096 1221 1306 1303 definitiones,
1334 1243 1415 1307 quac

286 1327 433 1411 leguntur
454 1324 539 1412 apud
563 1324 771 1408 Clementem,
800 1325 927 1411 probari
953 1331 1059 1410 potest
1085 1345 1212 1411 prorsus
1239 1324 1342 1392 isdem
1364 1326 1415 1392 rel

287 1428 441 1496 similibus
464 1429 568 1494 verbis
591 1429 624 1493 in
646 1427 762 1495 scholis
779 1427 953 1494 Stoicorum
975 1427 1110 1494 traditas
1133 1449 1212 1496 esre.
1246 1427 1414 1497 Sullamnis

290 1531 417 1618 quidem
440 1529 526 1616 apud
547 1530 618 1597 illos
641 1537 689 1597 est
710 1531 888 1615 sapientiae
911 1529 1061 1614 definitio,
1085 1552 1164 1616 quae
1187 1531 1223 1614 11,
1239 1534 1281 1596 25
1304 1555 1334 1618 p.
1353 1535 1412 1598 181

286 1634 321 1702 P.
337 1635 493 1700 invenitur
508 1636 617 1711 ,θείων
631 1635 678 1698 καὶ
692 1635 877 1722 ἀνθρωπίνων
891 1641 1064 1722 πραγμάτων
1079 1636 1251 1722 ἐπιστήμηιί.
1275 1635 1313 1720 ΙΙ,
1327 1640 1366 1701 12
1382 1658 1413 1723 p.

288 1741 347 1804 171
365 1737 399 1804 P.
416 1738 647 1822 distinguuntur
661 1742 743 1806 inter
758 1761 792 1806 se
808 1746 840 1805 et
862 1739 1052 1807 definiuntur
1075 1744 1226 1830 ὀψοφαγία,
1251 1744 1412 1831 λαιμαργία,

285 1844 488 1930 γαστριμαργία
510 1843 549 1908 61.
573 1843 623 1910 Ρ6.
647 1843 872 1926 Andronicum,
896 1845 948 1928 qui
971 1845 1036 1912 lere
1058 1848 1177 1932 pendat
1199 1869 1219 1913 6
1242 1847 1366 1929 8161616,
1382 1869 1413 1934 p.

287 1952 327 2014 19
354 1948 404 2015 ed.
426 1949 652 2030 Kreuttnerb.
683 1947 720 2030 ll,
743 1950 784 2012 26
807 1968 837 2033 p.
863 1949 923 2011 182
947 1949 981 2014 Ρ.
1006 1950 1226 2018 describuntur
1247 1955 1336 2038 μέθη,
1359 1978 1413 2016 πα-

286 2055 381 2142 ροινία,
405 2054 559 2141 κραιπάλη,
584 2052 626 2117 46
649 2073 678 2136 p.
698 2053 758 2118 196
774 2051 807 2117 P.
825 2053 912 2117 varia
934 2053 1015 2119 risus
1038 2076 1165 2138 genera,
1189 2060 1230 2121 52
1252 2078 1282 2144 p.
1302 2061 1362 2124 199
1378 2059 1412 2124 Ρ.

286 2161 477 2248 αἰσγριλογία.
513 2157 593 2223 Cum
609 2156 665 2237 616,
689 2174 769 2238 6666
791 2154 938 2237 leguntur
961 2155 1000 2224 dc
1023 2158 1139 2244 λαγνείᾳ
1163 2163 1239 2242 §93
1256 2183 1285 2248 p.
1299 2165 1363 2232 225
1379 2163 1412 2228 Ρ.

285 2263 495 2331 conterendus
534 2260 584 2326 Ps.
618 2257 818 2324 Andronicus
857 2257 878 2322 l.
906 2258 927 2323 l.
954 2280 986 2345 p.
1021 2265 1071 2344 19,
1105 2265 1154 2330 10.
1192 2264 1269 2331 Turn
1305 2266 1323 2350 ξ
1353 2269 1413 2333 128

284 2390 315 2456 p.
344 2373 407 2433 247
435 2368 469 2434 Ρ.
499 2364 795 2434 circumscribuntur
822 2363 937 2448 λιτάτης
964 2365 1018 2451 (cf.
1045 2367 1097 2451 ΙΙΙ,
1126 2373 1167 2434 25
1195 2391 1225 2456 ρ.
1254 2372 1317 2435 268
1346 2371 1411 2455 Ρ),

284 2474 424 2558 ἱκανότης,
441 2472 601 2560 αὐτάρκεια.
636 2467 723 2534 Η666
739 2473 789 2534 661
810 2459 889 2546 ,ἕξις
911 2474 1072 2558 ἀρκαυρένη
1096 2476 1136 2544 οἷς
1158 2476 1199 2538 θεῖ
1213 2476 1260 2538 καί
1274 2477 1307 2538 δι’
1324 2475 1413 2562 αὐτῆς

282 2580 426 2670 ποριστικὴ
441 2587 498 2643 τῶν
518 2578 588 2666 πρύς
605 2577 653 2639 τὸν
677 2580 813 2663 μακάρων
837 2577 1045 2642 συντελούντων
1070 2579 1151 2663 βίον“
1174 2579 1227 2663 (cf.
1252 2584 1270 2643 7
1295 2602 1325 2666 p.
1350 2583 1411 2646 167

283 2684 316 2750 P.
343 2687 382 2749 16
406 2705 436 2770 p.
463 2685 523 2748 175
546 2682 580 2747 P.
605 2682 646 2744 39
669 2702 700 2765 p.
725 2682 785 2745 191
817 2680 877 2766 Ρ).
922 2681 1028 2751 Paene
1055 2684 1154 2751 isdem
1184 2685 1287 2750 uerbis
1313 2686 1412 2751 utitur

283 2787 333 2854 Pa.
356 2787 555 2854 Andronicus
587 2775 667 2863 ,ἕξις
694 2786 854 2872 άρκαυμένη
883 2787 923 2856 αῖς
951 2789 992 2850 θεῖ
1019 2789 1066 2880 καί
1093 2786 1127 2851 δι’
1156 2786 1247 2871 αὐτῆς
1267 2788 1411 2876 παριστικὴ

283 2901 342 2956 τῶν
365 2893 435 2980 πρὸς
457 2893 489 2954 τὸ
513 2897 570 2978 ζῆν
593 2893 803 2975 καθηκόντων“
827 2890 1039 2974 (Schuchardt
1060 2913 1090 2978 p.
1113 2896 1165 2976 24,
1191 2893 1255 2980 10).
1289 2892 1411 2969 Ibidem

282 3000 408 3064 εὐτέλεια
432 3018 502 3063 asse
526 2997 639 3064 dicitur
661 2986 718 3070 ἕξις
741 2999 931 3084 άνυπέραρτας
953 2997 983 3059 ἐν
998 2998 1133 3068 δαπάναις
1152 2999 1199 3061 καὶ
1221 3008 1411 3088 παρασκευαῖς

282 3107 326 3190 (ρ.
350 3107 402 3185 24,
426 3100 469 3186 4).
515 3100 614 3167 Huius
636 3102 697 3168 looi
721 3121 781 3187 ope
804 3102 848 3167 sic
873 3101 1007 3167 amando
1030 3100 1226 3169 Clementem
1249 3103 1300 3186 Ill,
1320 3108 1361 3196 41
1378 3125 1409 3191 p.

281 3209 344 3272 278
374 3206 421 3273 P.:
450 3207 470 3290 ἡ
494 3205 620 3269 εὐτέλεια
647 3195 705 3279 ἕξις
732 3205 804 3268 οὐσα
832 3205 988 3290 ἀνελλιπὴς
1017 3207 1046 3270 ἐν
1073 3208 1209 3280 θαπάναις
1236 3217 1297 3280 ταῖς
1324 3211 1364 3281 εἰς
1391 3214 1410 3273 ά

280 3312 337 3401 χρὴ
375 3312 422 3375 καί
455 3311 502 3399 ἐρ’
537 3313 601 3377 ὅσον
635 3313 692 3400 χρὴ
723 3311 869 3375 τελεῖσθαι
902 3314 1106 3400 πραςνγκαύσαις
1140 3314 1249 3397 (vulgo
1277 3305 1409 3388 ἐξισοῦσα

281 3427 313 3485 61
346 3418 507 3481 ἀνελλιπέσι
529 3419 580 3500 b).
625 3417 768 3502 Denique
803 3407 927 3494 εὐταξία,
964 3420 1059 3486 virtus
1082 3440 1102 3485 a
1125 3419 1237 3486 Stoicis
1270 3421 1408 3486 maxime

280 3523 440 3590 celebrata
468 3522 523 3606 (cf.
553 3521 617 3587 Cic.
645 3521 685 3585 dc
715 3519 765 3587 611.
794 3521 818 3602 l,
847 3524 921 3602 142)
948 3530 1041 3607 atque
1069 3524 1163 3588 etiam
1194 3541 1214 3586 a
1243 3521 1407 3589 Clemente

279 3647 336 3713 per
368 3635 467 3693 totum
501 3626 615 3692 librum
650 3624 874 3691 commendata
907 3626 1101 3709 summisque
1135 3625 1219 3691 elata
1250 3625 1406 3709 laudibus,

278 3729 383 3797 finitur
404 3729 456 3814 lll,
479 3731 521 3794 85
544 3751 574 3815 ρ.
599 3730 661 3793 303
683 3726 735 3809 Ρ.;
758 3729 811 3812 661
832 3728 920 3794 16666
945 3728 1175 3814 comparandus
1198 3738 1247 3796 661
1268 3749 1340 3794 cum
1356 3729 1406 3796 Ρ6.

278 3833 376 3900 Andr.
399 3854 429 3919 p.
453 3834 507 3915 24,
529 3834 549 3896 8
573 3831 643 3898 Soh.
669 3839 700 3897 et
722 3832 858 3898 Stobaeo
882 3832 941 3898 ecl.
960 3832 1023 3899 eth.
1047 3853 1077 3918 p.
1097 3833 1158 3896 106
1180 3832 1230 3914 Η,
1254 3833 1306 3914 61,
1323 3835 1406 3898 7-9

279 3934 492 4004 Wachsmuth.
537 3934 626 4001 Alias
664 3933 863 4002 definitiones
900 3936 933 4000 in
972 3933 1157 4021 paedagogo
1194 3935 1304 4003 obuias
1341 3939 1406 4003 iam

364 4093 383 4159 ¹)
401 4088 554 4144 Andronici
576 4089 622 4158 qui
644 4089 731 4142 iertur
751 4087 837 4141 libelli
862 4106 890 4141 π.
909 4090 1012 4140 παθῶν
1033 4103 1098 4157 pars
1116 4087 1190 4157 prior
1209 4088 1242 4141 de
1260 4089 1406 4145 affectibus

277 4176 320 4232 ad.
337 4177 490 4230 Kreuttner
507 4175 710 4241 Heidelbergaa
731 4175 805 4239 1884,
823 4191 887 4244 ρ616
906 4174 995 4228 611616
1013 4173 1047 4226 de
1065 4173 1212 4228 virtutibus
1231 4179 1259 4228 et
1271 4176 1344 4229 vitiis
1363 4177 1404 4231 ed.

276 4262 455 4327 Schuchardt,
477 4261 732 4315 Darmstadt1883.
