3218 4896
759 289 971 352 ...34-

303 493 374 538 cum
417 474 450 539 in
488 474 642 559 capitibus
680 476 977 540 commentariorum
1016 495 1036 540 a
1072 476 1158 542 Stob.
1197 477 1330 542 seruatis
1367 495 1430 540 non

302 575 512 658 inveniantur,
539 596 580 642 ex
608 572 679 642 aliis
708 577 774 642 eius
801 577 873 640 libri
901 579 1056 662 capitibus
1084 579 1175 644 nobis
1203 598 1266 642 non
1300 577 1431 644 servatis

304 675 444 744 fluxisse.
489 677 532 744 At
564 698 646 760 nego
681 677 821 745 diversos
855 679 996 745 eiusdem
1030 679 1101 746 libri
1133 681 1219 746 locos
1251 685 1317 745 tam
1351 679 1431 744 bene

303 777 500 846 Clementem
546 781 735 846 concinnare
779 783 929 866 potuisse.
990 781 1022 847 Si
1059 784 1146 868 ipsos
1188 784 1431 848 commentarios

303 882 515 967 compilasset,
539 887 623 948 certe
650 901 713 948 non
741 881 841 948 solum
869 884 993 966 singula
1021 885 1195 966 enuntiata,
1219 884 1276 951 scd
1298 884 1432 969 amplior
1516 941 1522 955 ,

303 981 475 1069 disputatio
502 983 688 1068 longiorque
719 985 945 1051 sententiarum
975 988 1072 1052 series
1105 987 1305 1053 consentiret.
1352 983 1430 1050 Tum

304 1086 350 1152 sic
384 1083 583 1152 statuendum
607 1090 692 1152 esset
713 1085 798 1151 haud
823 1087 933 1172 paucis
959 1088 1037 1154 locis
1066 1108 1259 1174 magnopere
1285 1087 1431 1153 Clemen-

303 1193 367 1253 tem
395 1185 554 1254 studuisse
582 1186 652 1253 aliis
680 1188 782 1254 verbis
811 1190 945 1255 auctoris
975 1191 1022 1256 sui
1047 1191 1220 1257 sententias
1243 1191 1430 1275 exprimere.

304 1288 368 1356 Sed
389 1291 450 1356 hoc
471 1289 609 1357 studium
632 1311 653 1356 a
674 1292 809 1373 segnitie
832 1293 899 1358 eius
923 1293 1013 1358 nobis
1035 1313 1112 1359 sane
1135 1300 1227 1376 grata
1248 1297 1280 1358 et
1299 1299 1433 1378 accepta

309 1393 463 1459 abhorret.
510 1393 598 1459 Solet
622 1393 705 1459 enim
734 1399 877 1460 auctores
905 1412 978 1460 suos
1006 1396 1215 1462 verbotenus
1238 1397 1431 1477 exscribere3

306 1494 388 1580 quod
400 1493 494 1560 facile
506 1501 638 1580 apparet
648 1496 681 1560 in
694 1493 1021 1578 Philone,Aristobulo
1034 1495 1206 1580 ludaeo‚in
1218 1497 1431 1582 doxographis

305 1605 338 1664 et
359 1597 606 1683 mythographis.
642 1597 704 1663 Sed
726 1593 777 1663 lac
800 1618 872 1663 eum
887 1598 939 1663 hic
954 1600 1056 1665 maius
1072 1599 1211 1666 studium
1227 1597 1433 1684 impendisse,

305 1701 406 1784 magis
429 1720 484 1766 suo
507 1697 624 1765 iudicio
647 1703 681 1764 et
703 1698 840 1782 eligendi
862 1699 1007 1766 libertate
1029 1721 1119 1768 usum
1137 1721 1316 1786 essequam
1339 1702 1433 1783 solet;

306 1803 357 1870 lac
393 1803 498 1884 etiam,
537 1822 607 1868 curn
645 1803 772 1887 saepius
805 1803 838 1867 in
872 1805 1106 1870 commentariis
1141 1803 1303 1871 Musonius
1339 1805 1434 1870 tertia

306 1925 444 1992 persona
472 1905 638 1970 inducatur
666 1911 697 1971 et
724 1905 850 1989 obliqua
877 1907 1017 1972 oratione
1039 1907 1181 1991 loquenS,
1204 1927 1275 1973 eum
1299 1909 1432 1992 primam

306 2027 473 2094 personam
503 2013 682 2090 rectamque
710 2008 884 2072 orationem
908 2008 1119 2076 substituisse:
1154 2029 1214 2093 quo
1238 2009 1332 2075 modo
1354 2009 1434 2074 illud

309 2110 460 2196 explicas,
488 2106 572 2193 quod
599 2127 694 2194 supra
721 2107 845 2190 ostendi
873 2108 1080 2192 Clementem,
1102 2111 1157 2177 ubi
1182 2113 1339 2178 consentit
1362 2131 1432 2177 cum

308 2212 552 2293 commentariis,
576 2231 672 2296 saepe
693 2211 785 2296 plura
812 2211 964 2296 praebere
993 2233 1091 2296 eaque
1118 2213 1260 2296 meliora,
1285 2234 1378 2298 quam
1400 2220 1435 2279 ut

307 2336 347 2382 err
368 2316 469 2401 ipsius
490 2314 617 2396 iugenio
640 2319 716 2379 nata
738 2333 807 2380 esse
822 2315 954 2398 possint,
972 2335 1067 2402 saepe
1090 2318 1235 2398 graviora
1258 2324 1290 2382 et
1312 2317 1435 2402 aptiora

307 2419 413 2496 verba,
437 2438 529 2502 quam
560 2417 699 2500 quaein
727 2418 961 2483 commentariis
987 2417 1142 2500 leguntur,
1177 2427 1212 2484 ut
1237 2421 1305 2505 ipse
1334 2421 1433 2502 magis

307 2520 434 2608 placeat
455 2519 618 2603 magisque
640 2518 794 2601 genuinus
819 2519 941 2586 Stoicus
965 2539 1034 2586 esse
1058 2521 1222 2587 videatur?

395 2621 463 2689 Nisi
485 2622 549 2687 alia
571 2621 621 2686 uia
643 2619 892 2706 progrediamur,
915 2621 1083 2688 incidimus
1105 2625 1137 2688 in
1162 2643 1215 2690 eos
1237 2624 1378 2708 laqueos,
1394 2642 1434 2690 ex

307 2725 420 2810 quibus
447 2744 505 2790 nos
533 2721 694 2808 explicare
726 2742 791 2788 non
824 2742 999 2808 possumus.
1045 2725 1166 2808 Restat,
1200 2732 1235 2791 ut
1268 2733 1434 2810 utrumque

308 2828 496 2913 scriptorem
541 2844 579 2891 err
624 2822 736 2890 eodem
780 2824 866 2891 sonte
902 2825 1046 2893 hausisse
1083 2833 1270 2894 statuamus.
1327 2825 1434 2912 Neque

310 2929 438 2994 difficile
455 2933 503 2995 est
525 2925 608 2992 hunc
630 2925 748 2992 fontem
771 2927 933 3010 indagare.
968 2927 1163 2995 Ferebantur
1186 2929 1284 2996 Suida
1306 2935 1434 2996 auctore

309 3029 447 3097 Musonii
473 3030 558 3115 Λόγοι
585 3031 712 3117 διάφοροι
739 3031 910 3117 φιλοσοφίας
937 3031 1073 3118 ἐχόμενοι.
1120 3031 1190 3099 Hac
1212 3031 1252 3098 de
1274 3051 1308 3098 re
1330 3040 1435 3118 potest

309 3133 446 3200 dubitari
479 3139 583 3200 utrum
618 3135 687 3218 ipse
722 3133 801 3200 Mus.
831 3135 946 3200 librum
982 3157 1071 3201 suum
1102 3137 1297 3222 inscripserit
1325 3137 1436 3221 Λόγους

310 3239 481 3328 φιλοσοφίας
515 3239 706 3326 ἐχομένουςῐ),
730 3258 770 3304 an
799 3239 878 3306 haec
906 3243 970 3306 sint
997 3239 1114 3306 Suidae
1147 3225 1197 3307 vel
1231 3243 1334 3329 potius
1368 3244 1435 3309 eius

309 3332 445 3412 auctoris
477 3344 573 3410 uerba
606 3343 678 3408 libri
710 3349 928 3424 argumentum
961 3341 1186 3408 adumbrantia
1236 3343 1304 3410 Etsi
1326 3345 1436 3431 Λόγους

309 3447 406 3513 fuisse
420 3446 493 3512 libri
507 3445 633 3512 titulum
649 3450 769 3510 certum
785 3443 860 3512 mihi
879 3463 948 3511 esse
962 3443 1092 3510 videtur.
1121 3447 1236 3513 Nescio
1252 3455 1357 3516 autem
1376 3469 1435 3534 quo

309 3549 377 3614 iuro
399 3546 440 3614 de
461 3549 532 3633 ipso
554 3548 634 3614 libro
651 3545 863 3612 dubitaverint
876 3566 939 3612 uon
956 3547 1049 3612 modo
1066 3546 1313 3634 Nieuwlaudius,
1327 3573 1435 3618 uerum

310 3651 407 3716 etiam
423 3649 608 3734 Heerenius,
624 3650 775 3733 Ritterua
798 3647 976 3733 Zellerus2),
999 3653 1185 3735 praesertim
1210 3673 1281 3718 cum
1305 3655 1437 3721 accedat

397 3839 417 3906 ¹)
435 3837 488 3891 hoc
506 3836 635 3890 statuitur
652 3835 726 3906 apud
744 3833 858 3906 ‚,Pauly,
876 3835 1169 3906 Reelenoyoloptdie‘t

396 3921 417 3990 ²)
436 3921 599 3978 Nieuwland
619 3919 655 3976 l.l.
673 3937 700 3991 p.
719 3923 765 3976 50:
794 3919 990 3988 „Ferebantun
1010 3921 1032 3976 si
1045 3921 1147 3976 Suidae
1164 3923 1233 3978 fides
1246 3923 1374 3979 habenda
1387 3932 1437 3992 est,

312 4007 462 4077 antiquitus
481 4008 572 4060 variae
590 4007 711 4061 Musonii
729 4007 762 4062 de
781 4006 976 4078 philosophicis
990 4009 1070 4062 rebus
1083 4008 1297 4076 dissertationes,
1316 4011 1391 4080 quod
1403 4029 1438 4066 on

218 4097 219 4100 ’
312 4093 346 4146 de
366 4092 476 4161 scriptis
495 4093 529 4146 ab
547 4093 606 4162 ipso
624 4093 702 4146 libris
720 4093 935 4161 intellegendum
958 4094 995 4146 sit
1018 4111 1053 4146 an
1070 4109 1135 4147 vero
1159 4093 1193 4148 de
1211 4111 1438 4166 apomnemoneu·

312 4179 404 4266 maton
428 4193 510 4248 opere
529 4218 536 4233 .
555 4217 562 4232 .
581 4217 587 4232 .
606 4219 613 4234 .
632 4177 766 4233 incertum
785 4181 853 4233 ost“.
888 4177 998 4232 Heeren
1022 4177 1064 4234 ed.
1083 4175 1158 4234 Stob.
1178 4179 1226 4234 eol.
1245 4180 1298 4236 vol.
1317 4182 1353 4246 ΙΙ,
1374 4183 1438 4236 265:
