3218 4896
645 301 871 362 ·-45-

199 493 261 557 πὼς
283 487 345 572 οὐχί
366 487 441 550 πολὺ
462 489 549 552 πλέον
573 492 626 551 ’τοῦ
655 491 880 552 σονουσιοιστικοῦ
907 488 1104 575 ἐπικρατητέον
1132 487 1263 572 μορίου,
1287 486 1328 548 95

200 610 230 675 p.
253 593 316 654 227
340 591 373 656 Ρ.
397 594 430 656 τὸ
452 591 483 658 δὲ
505 593 546 678 μὴ
569 595 609 663 εἰς
637 594 742 658 παίδων
768 593 854 677 μονὴν
873 595 998 656 ,συνιέναι
1024 591 1176 678 ἐνυβρίζειν
1203 589 1262 652 ἐστὶ
1290 587 1329 670 tp

200 696 280 779 φύσει
302 694 354 778 (cs.
373 697 424 760 90.
441 697 513 782 91);
535 700 576 761 97
592 717 622 782 p.
640 699 703 763 228
726 699 777 761 οὐκ
800 699 843 760 ἀεὶ
864 697 895 762 δὲ
917 697 1033 784 καιρὸν
1054 697 1188 760 δίδωσιν
1211 695 1329 780 ἡφύσις

199 799 253 882 τὴν
274 789 394 873 έντεοΕιν
417 807 467 864 τοῦ
481 807 573 884 γάμου
587 803 765 866 τελειοῦσθαι
782 810 814 870 et
829 806 869 868 95
892 803 1009 889 καιρὸν
1032 802 1184 864 εὔθετον.
1223 798 1325 864 Etiam

202 902 374 968 Clementis
396 910 506 971 auctor
529 903 565 986 ΙΙ,
590 907 632 972 80
653 926 683 991 p.
701 909 764 972 219
787 909 864 974 satis
888 925 957 973 esse
981 905 1179 972 uicit‘sonni
1200 903 1232 966 οὐ
1255 900 1328 964 πολὺ

195 1008 300 1075 καλῶς
322 1007 471 1093 εἰδισμένῳ
496 1010 557 1090 (sic
579 1011 683 1076 scribo
706 1031 761 1096 pro
785 1013 825 1081 εἰς
846 1011 915 1079 ἔδοι
936 1010 1001 1095 ἱόν).
1026 1047 1066 1056 -
1089 1008 1140 1075 Ps.
1166 1007 1327 1072 Musonius

201 1113 317 1195 pergit:
340 1112 441 1196 έσδῇτι
463 1110 494 1175 δὲ
517 1115 672 1200 ἀπράγμονι
693 1115 740 1177 καί
762 1116 803 1199 μὴ
825 1117 1039 1202 ε’ψευσμένφ,
1056 1113 1136 1176 ἀλλά
1151 1111 1267 1197 καθαρᾷ
1282 1108 1329 1204 καί

201 1213 272 1301 πρὸς
291 1216 323 1278 τὸ
346 1217 378 1278 ἐκ
399 1224 453 1301 τῆς
474 1219 589 1304 φάσεως
611 1220 651 1289 εἰς
672 1221 704 1282 τὸ
726 1223 835 1284 σκέπειν
864 1222 1063 1302 ἀπαιτούμενον
1090 1219 1259 1304 ἡρμοσμένῃ
1282 1215 1327 1295 (v.

159 1359 161 1364 .
201 1339 297 1403 supra
323 1342 353 1405 p.
377 1323 433 1406 28)
461 1324 679 1410 ἠμφιεσμένους,
708 1305 861 1409 βλέμμα
880 1324 975 1390 δἐἶναι
1007 1326 1055 1388 καί
1082 1325 1232 1407 βάδισμα
1258 1320 1328 1382 αἰδοῖ

200 1423 248 1485 καί
270 1429 404 1510 φρονήσει
426 1432 728 1517 κεχαρακτηρισμένον,
753 1429 793 1500 ὡς
815 1431 856 1515 μὴ
879 1435 913 1494 ἄν
935 1454 995 1494 τινα
1017 1432 1164 1518 θαρσῆσαι
1179 1425 1221 1490 ἐπ’
1235 1426 1328 1488 αὐτων
1446 1457 1450 1464 -

202 1528 358 1611 ἠποιήσαι
384 1532 404 1613 ἢ
427 1533 510 1594 εἰπεῖν
537 1555 562 1596 τι
589 1537 724 1618 ἄκοσμον,
748 1535 787 1602 σί.
811 1535 910 1601 Glem.
934 1533 985 1617 ΙΙΙ,
1009 1536 1050 1599 53
1073 1555 1105 1620 p.
1128 1535 1191 1598 285
1218 1533 1327 1596 δίδωσιν

202 1632 250 1695 οὖν
271 1634 339 1716 ἡμῖν
361 1637 376 1697 ὁ
398 1638 573 1722 παιδαγωγὸς
587 1640 689 1726 ἐσθῆτι
702 1641 831 1729 χρῆσθαι
852 1661 890 1722 τρ
912 1640 990 1722 λιτῇ,
1014 1643 1087 1726 χρόᾳ
1109 1637 1140 1701 δὲ
1162 1660 1199 1721 τῃ
1222 1638 1327 1719 λευκή,

199 1739 245 1800 ἵνα
268 1787 275 1800 .
301 1787 307 1800 .
334 1777 341 1790 ·
364 1751 419 1804 ποῖν
441 1744 507 1808 ὅσον
530 1747 679 1830 ἀπατηλὸν
701 1747 748 1809 καί
773 1748 827 1830 τῆς
854 1746 997 1828 ἀληθείας
1023 1744 1327 1830 καταψευδόμενον

200 1850 398 1931 παρωσάμενοι
421 1869 446 1911 κ.
463 1870 488 1914 τ.
505 1850 545 1926 λ.,
570 1848 620 1932 ΙΠ,
643 1851 685 1914 59
707 1871 738 1936 p.
762 1851 825 1914 288
860 1850 906 1912 καὶ
939 1855 1035 1912 στάσιν
1068 1849 1116 1910 καὶ
1149 1849 1254 1932 κίνησιν
1281 1847 1328 1909 καί

202 1948 323 2032 βάδισμα
346 2000 352 2014 .
379 2001 385 2014 .
410 1955 450 2016 ὅτι
473 1956 597 2038 μάλιστα
619 1956 858 2043 ἐλεοδεριιίιτατον
881 1955 1084 2042 ἐπαναιρετὲον,
1107 1952 1145 2036 ΙΙ,
1161 1954 1202 2018 60
1217 1974 1248 2038 p.
1264 1954 1327 2016 204

202 2053 352 2126 καθεστὼς
372 2056 405 2120 δὲ
426 2059 473 2122 καὶ
494 2060 526 2123 τὸ
549 2060 690 2145 βλέμμα
712 2061 797 2136 ἔστω,
822 2061 884 2123 110
906 2080 936 2144 p.
960 2060 1037 2138 236;
1072 2056 1112 2122 de
1139 2056 1327 2140 turpiloquio

201 2156 238 2235 ΙΙ,
261 2160 304 2222 49
325 2179 371 2244 sq.
396 2182 425 2246 p.
452 2164 523 2231 198.
547 2164 754 2252 —Denique
787 2166 887 2232 stoico
920 2161 1054 2228 Musunii
1088 2159 1255 2246 principia,
1287 2157 1327 2223 de

204 2261 315 2342 quibus
338 2264 387 2344 egi
410 2284 439 2349 p.
458 2268 489 2348 4,
513 2286 651 2350 agnosco
673 2269 705 2332 in
729 2269 819 2353 epist.
843 2269 862 2350 ξ
886 2267 905 2328 6
928 2265 1003 2328 ὥστε
1026 2264 1066 2348 μὴ
1090 2264 1209 2352 ἀργυρίῳ
1227 2260 1328 2331 αὐτοὺς

202 2369 293 2444 πάντα
319 2374 428 2454 μετρεῖν
456 2369 503 2432 καί
530 2369 631 2441 αὑτοὺς
657 2373 771 2455 μᾶλλον
797 2371 844 2434 καὶ
864 2377 954 2456 φονεῖς
974 2371 1023 2433 καί
1043 2371 1128 2434 τέκνα
1151 2370 1170 2452 ἠ
1193 2371 1329 2454 χρήματα

202 2470 348 2554 προίεσθαι
371 2470 484 2552 (Olcm.
507 2472 545 2555 ΙΙ,
564 2476 625 2539 109
641 2497 671 2561 p.
687 2476 775 2561 236),
800 2477 879 2539 ἀλλά
894 2480 1025 2561 κτήσεως
1047 2474 1098 2558 μὲν
1122 2474 1327 2547 ἀντιποιεῖσάαι,

202 2571 249 2661 ἐφ’
267 2576 332 2637 ὅσον
360 2578 546 2660 ἀναγκαῖον
573 2579 618 2641 διοί
644 2582 696 2650 τάς
722 2581 762 2650 εἰς
787 2580 890 2652 αὐτοὺς
916 2581 963 2644 καί
987 2579 1053 2650 τοὺς
1086 2581 1203 2648 οἰκείους
1235 2577 1328 2640 αὐτῶν

202 2679 335 2766 χρείας,
359 2681 556 2770 θησαυρισμοῖι
578 2681 609 2746 δὲ
632 2685 679 2746 καί
700 2693 749 2748 τοῖο
777 2688 906 2757 πλείονος
931 2689 1008 2775 πορά
1034 2687 1066 2749 τὸ
1094 2689 1218 2773 ἀρκοῦν
1246 2683 1328 2770 ὑπερ-

203 2793 324 2871 φρονεῖν,
349 2784 396 2871 ὑφ’
409 2787 449 2848 ὠν
471 2788 527 2871 tuto
549 2811 580 2851 τε
602 2790 649 2852 καί
670 2793 753 2875 κυινιβ
774 2793 814 2862 είς
836 2793 911 2854 κακοί
933 2792 1090 2875 ἐπάλληλα
1116 2791 1162 2852 καί
1185 2793 1329 2874 ἀνήκεστα

203 2890 228 2952 οί
250 2890 393 2978 ἀνδρωποι
408 2893 585 2980 ἐκτρέπονται
600 2893 713 2974 (ΟΙσιιι.
730 2894 782 2978 ΙΙΙ,
800 2897 849 2978 13,
867 2898 908 2960 14
922 2917 953 2982 p.
969 2895 1056 2980 259).
1091 2893 1213 2961 Possim
1236 2894 1330 2974 igitur

202 2995 354 3079 epistolae
377 3003 486 3063 auctor
507 2997 649 3065 Musunii
659 2991 800 3082 vestigiis
815 3000 969 3082 institit¹)‚
987 2997 1070 3081 quod
1086 2997 1135 3064 vel
1150 2995 1222 3062 ideo
1244 2995 1329 3077 fecit7

201 3103 236 3162 ut
257 3117 426 3182 personum
450 3099 630 3166 simulatam
658 3102 826 3168 sustineret
845 3121 925 3168 neve
951 3101 1071 3166 fraudis
1099 3104 1328 3181 coargueretur.

202 3195 268 3264 Neo
296 3199 425 3266 dubium
453 3209 502 3292 est
528 3205 603 3288 quin
631 3205 729 3289 ipsius
757 3203 892 3270 Musunii
919 3204 999 3269 hoec
1025 3202 1163 3289 epistole
1188 3219 1250 3268 non
1279 3201 1329 3283 sit,

203 3300 259 3367 sed
282 3303 349 3368 eius
373 3303 425 3390 qui
447 3305 581 3372 lacinias
604 3326 644 3372 ex
666 3305 851 3373 Musoniano
879 3305 959 3372 libro
988 3313 1129 3390 arreptas
1158 3305 1327 3371 contexuit.

216 3427 219 3433 ·
286 3406 473 3474 Aueurutius
490 3408 669 3475 Musonium
686 3415 812 3475 secutus
828 3429 899 3476 esse
916 3409 1038 3474 videtur
1052 3414 1161 3474 uuotor
1176 3407 1329 3493 epistolae

205 3508 264 3590 „od
288 3509 404 3576 Zenom
430 3519 462 3578 et
476 3512 648 3577 Serenum“
673 3513 731 3578 sub
747 3511 856 3579 Iustiui
877 3512 1024 3598 Martyris
1039 3513 1167 3578 nomine
1182 3511 1326 3577 traditae.

202 3608 346 3679 Refertus
369 3619 418 3680 est
440 3613 491 3680 hic
514 3613 639 3681 libellus
662 3615 763 3681 stoico
790 3615 942 3682 doctrino.
988 3615 1112 3681 Stoicae
1142 3614 1268 3698 quidem
1296 3615 1330 3679 in

202 3755 405 3769 Ἢ..

290 3849 307 3916 ¹)
327 3850 458 3904 Gonferus
472 3852 554 3904 etium
567 3853 646 3922 epist.
662 3853 673 3906 l
689 3851 744 3924 ὀδῷ
763 3854 811 3918 ζῆν
823 3854 908 3908 Glem.
927 3854 971 3920 Ι,1
992 3871 1018 3923 p.
1033 3856 1081 3909 162
1100 3853 1156 3926 odoi
1173 3853 1266 3908 ἐλθεῖν
1282 3853 1329 3908 ἐπί

198 3933 247 3996 τάν
262 3934 412 4002 κατάληψιν
426 3938 473 3989 τοῦ
489 3939 557 3990 θεοῦ
568 3967 597 3976 -
606 3937 686 4007 epist.
697 3935 937 4008 άὲπεσκεμμένους
949 3938 981 3991 τά
994 3945 1060 3992 θεῖα
1072 3938 1118 3992 καί
1126 3939 1158 3992 τά
1167 3934 1330 4009 ἀνθρώπινα

201 4019 288 4076 (Mem.
312 4021 348 4086 ΙΙ,
366 4022 399 4078 25
417 4039 444 4091 p.
465 4023 522 4077 181.
558 4025 599 4080 Dc
625 4022 740 4078 fratrom
763 4040 855 4078 umore
879 4027 906 4090 (fi
930 4025 965 4093 6),
988 4026 1022 4079 do
1045 4029 1204 4096 contemptu
1225 4025 1329 4080 loboris

201 4104 350 4174 mortisque
372 4105 467 4176 (ibic),
491 4107 524 4160 de
546 4107 758 4178 philosophandi
780 4109 947 4163 necessitate
970 4112 996 4172 (0
1019 4111 1034 4163 8
1053 4109 1103 4178 sq.)
1126 4107 1226 4164 similis
1247 4110 1330 4164 docet

201 4194 283 4258 utque
302 4191 444 4245 Musonius
462 4191 534 4262 opud
553 4192 631 4246 Stob.
650 4191 946 4262 111,12911,1o,9-11
967 4194 1005 4259 ΙΙ,
1013 4195 1061 4249 271
1082 4209 1122 4264 sq.
