3218 4896
659 297 872 359 ..13..

202 487 290 574 παρῇ,
320 490 466 574 πρόχειρον
497 485 564 550 αὐτὸ
594 487 666 574 ἔχειν
694 488 734 549 δεῖ
759 508 766 521 ·
791 487 837 550 ἐπ’
861 488 966 575 ἀρίστῳ
989 488 1025 550 td
1047 488 1109 575 περί
1131 490 1244 575 ἀρίστου
1270 508 1276 521 ·
1301 485 1330 548 ἐν

202 592 345 680 βαλανείῳ
368 595 404 657 τοί
427 599 476 656 τοῦ
500 589 659 678 βαλανείου.
691 593 721 657 ἐν
743 600 783 677 τῇ
805 596 885 677 κοίτῃ
913 597 949 658 τοί
978 595 1039 683 περὶ
1066 602 1120 680 τῆς
1147 597 1244 679 κοίτης
1266 595 1328 656 κτλ.

202 701 221 762 8
250 701 264 762 ὁ
293 700 362 770 δεός
390 722 433 762 σοι
460 700 536 784 δέρει
552 721 558 735 ·
575 700 624 769 δός
653 723 698 785 μοι
727 691 874 778 ἀποδειΕιν,
904 702 927 764 εἰ
953 702 1109 785 νομίμως
1134 702 1283 786 ἡθλησας,
1307 703 1331 763 εἰ

203 805 307 893 ἕραρες
335 807 388 868 ὅσα
416 806 481 883 δεῖ,
510 807 535 869 εἰ
562 805 755 891 ε’ρορνοίσδης,
784 809 808 870 εἰ
834 813 884 870 τοῦ
912 808 1044 872 ἀλείπτοο
1072 809 1228 892 ἤκουσας.
1255 857 1261 868 .
1288 856 1295 870 .
1322 857 1328 870 .

201 918 249 975 νῦν
265 918 314 975 τοῦ
329 914 470 1000 πυρέττειν
485 915 581 1000 καιρός
595 913 661 976 ἐστι.
686 919 769 976 τοῦτο
791 913 912 986 καλῶς
932 915 1055 999 γινέσθαι
1069 935 1076 950 ·
1088 920 1138 978 τοῦ
1152 915 1244 1000 διψᾶν,
1264 914 1331 998 δίψα

201 1020 321 1090 καλῶς
334 1042 341 1055 ·
354 1025 403 1083 τοῦ
418 1029 522 1097 πεινᾶν,
538 1021 618 1083 πείνα
640 1019 758 1090 καλῶς
781 1019 820 1085 cf.
837 1017 890 1102 IV,
907 1021 937 1104 9,
954 1023 1048 1103 8.12,
1065 1024 1099 1104 73
1124 1019 1213 1086 ench.
1230 1022 1282 1103 29,
1299 1021 1328 1084 6.

202 1128 242 1189 41
266 1123 291 1208 Ι,
314 1129 344 1207 4,
374 1125 425 1191 20.
456 1127 505 1208 13,
537 1131 552 1189 1
582 1145 627 1208 sq.
656 1122 693 1206 lI,
716 1124 746 1207 8,
777 1126 816 1186 12
843 1122 893 1206 ΙΗ,
924 1125 973 1207 15,
1004 1124 1053 1188 10.
1100 1122 1147 1187 Eu
1177 1123 1224 1188 his
1252 1122 1331 1188 locis

203 1227 357 1296 concludo
386 1227 427 1294 de
454 1228 600 1294 omnibus
632 1227 715 1294 uitae
749 1228 931 1293 muneribus
965 1233 1058 1312 atque
1094 1226 1331 1293 condicionibus

203 1332 297 1398 solita
319 1351 390 1398 esse
416 1337 502 1397 certa
523 1331 606 1397 tradi
629 1337 810 1417 praecepta,
827 1329 866 1396 de
882 1350 947 1413 esu,
964 1337 1050 1417 potu,
1067 1331 1190 1410 vestitu,
1208 1336 1331 1410 ornatu,

203 1435 243 1501 de
265 1434 475 1517 matrimonio,
499 1455 610 1501 somno
633 1442 693 1500 oto.
717 1432 825 1520 Neque
848 1435 1012 1503 miraberis
1035 1440 1153 1519 quauta
1168 1433 1333 1516 diligentia

203 1537 299 1604 Stoici
323 1537 405 1604 hunc
428 1537 532 1604 locum
555 1539 770 1621 tractaverint,
787 1538 814 1604 si
829 1538 1025 1620 cogitaveris,
1045 1558 1105 1622 quo
1122 1557 1251 1603 munere
1265 1536 1331 1601 fere

203 1641 236 1707 id
258 1643 370 1708 aetatis
393 1640 573 1727 philosophi
594 1640 694 1711 functi
716 1642 788 1708 sint.
796 1640 818 1726 ¹)
855 1639 955 1706 Erant
978 1642 1062 1707 enim
1087 1642 1220 1708 uirorum
1245 1642 1331 1725 prin-

203 1746 308 1831 cipum
332 1744 502 1811 consiliarii
526 1744 764 1829 animorumque
786 1744 1010 1828 moderatores,
1035 1751 1124 1811 eraut
1146 1743 1331 1811 adolescen-

203 1849 281 1914 tium
309 1847 467 1931 custodes,
495 1855 633 1915 rectores
660 1869 844 1933 morumque
876 1849 1072 1930 formatores,
1106 1847 1333 1934 profitebantur

203 1953 300 2018 totius
333 1951 441 2037 populi
473 1951 700 2035 magisterium,
734 1971 806 2017 cum
839 1951 983 2018 libertate
1016 1952 1198 2037 promiscua
1223 1950 1332 2017 obvios

203 2063 376 2124 monerent.
421 2051 456 2119 lu
479 2053 561 2120 hanc
584 2054 678 2137 igitur
701 2062 838 2120 aetatem
860 2055 978 2140 optime
1005 2053 1139 2138 quadrat
1166 2053 1219 2118 ille
1242 2053 1332 2138 liber,

204 2183 296 2246 quem
320 2160 467 2227 Clemens
490 2159 682 2246 compilavit,
709 2158 751 2226 ad
778 2160 1026 2228 moderationem
1055 2167 1148 2245 atque
1175 2161 1332 2242 guberna-

203 2268 323 2333 tionem
366 2266 500 2350 volgaris
542 2265 624 2331 vitae
666 2272 823 2351 spectans.
874 2264 938 2330 Sed
978 2285 1041 2332 non
1084 2264 1186 2332 solum
1228 2266 1332 2350 ipsum

204 2378 422 2454 argumentum
450 2367 588 2436 Stoicum
617 2377 777 2435 auctorem
805 2367 920 2454 prodit,
949 2385 1056 2434 verum
1084 2369 1180 2434 etiam
1207 2369 1333 2450 singula

203 2474 402 2560 persequitur
425 2471 538 2540 eadem
561 2473 683 2540 ratione
706 2492 768 2556 qua
790 2472 883 2557 primi
906 2492 935 2557 p.
954 2470 1026 2538 Chr.
1043 2493 1073 2536 n.
1091 2472 1209 2538 saeculi
1225 2471 1330 2538 Stoici.

204 2577 295 2655 Quod
328 2577 401 2643 nolo
434 2575 494 2644 hoc
528 2577 599 2643 loco
632 2577 731 2643 husius
764 2595 934 2662 exponere,
968 2574 1025 2642 sed
1052 2596 1093 2642 ue
1119 2576 1233 2659 longus
1262 2577 1332 2659 sim,

203 2681 323 2748 leviora
350 2681 511 2763 omittens
538 2701 593 2748 cos
620 2678 715 2746 modo
744 2678 881 2765 Epicteti
907 2679 1005 2764 locos,
1034 2681 1085 2765 qui
1112 2680 1207 2746 verbo
1241 2689 1332 2747 tenus

204 2785 414 2864 consentiunt,
438 2805 510 2850 cum
533 2783 698 2851 Clemente
720 2803 883 2870 comparo:

174 2901 180 2914 ·
205 2887 304 2954 Glem.
326 2886 350 2970 I,
372 2889 412 2954 88
428 2909 458 2974 p.
478 2888 540 2952 150
563 2887 597 2953 Ρ.
622 2887 742 2977 ὡςροίρ
794 2886 894 2973 Epiot.
918 2885 956 2969 H,
982 2889 1031 2971 14,
1055 2887 1098 2951 20
1124 2895 1190 2960 πῶς
1216 2889 1332 2952 δύνασαι

204 2994 240 3056 τὸ
269 2993 433 3081 ἔσοπτρον
464 3002 510 3079 τῷ
538 2995 671 3083 αἰσχρῷ
705 2997 741 3060 οὐ
794 3042 801 3056 .
828 3041 834 3055 .
861 3041 868 3056 .
894 2989 1025 3079 ὑποσχεῖν
1048 2995 1096 3057 τὸν
1120 2994 1330 3081 ἔλεγχον.,.;

203 3104 316 3178 κακόν,
334 3101 382 3163 ὅτι
396 3100 540 3164 δεικνύει
557 3100 657 3166 αὐτὸν
673 3105 741 3174 οἷός
793 3099 935 3184 οὐδαμῶς,
960 3098 1029 3162 ἀλλ’
1043 3099 1129 3171 εὐδὺς
1153 3101 1331 3186 ἀπαλλάσσρ

203 3206 306 3283 ἐστιν,
343 3206 399 3268 καί
433 3205 477 3276 ὡς
505 3209 520 3270 ὁ
547 3209 663 3297 ἰατρὸς
696 3214 742 3296 τῷ
792 3206 929 3292 χαλεπῶς
944 3206 1029 3293 ἔχων.
1069 3208 1196 3270 καίτοιτί
1217 3230 1260 3271 σοι
1274 3207 1330 3293 ἐγὼ

202 3319 356 3375 νοσοῦντι
372 3312 407 3375 οὐ
423 3313 530 3382 κακὸς
545 3316 560 3377 o'
575 3315 740 3403 τὸνπορε-
792 3312 879 3375 κακὸν
907 3314 1062 3398 πεποίηκα;
1099 3314 1126 3375 εἰ
1149 3313 1195 3397 μὴ
1218 3315 1273 3376 καὶ
1295 3316 1330 3377 τὸ

204 3418 741 3506 rdvdtoppe'hhomodtoi(sicscribo
793 3419 958 3506 ἔσοπτρον
1003 3419 1049 3504 τῷ
1095 3421 1235 3508 αἰσχρῷ,
1282 3424 1332 3485 ὅτι

202 3524 742 3614 ρῐοαύτοῦδ-οὐροίραίτιοετοῦ
793 3527 938 3589 δεικνύει
988 3525 1090 3588 αὐτὸν
1133 3518 1223 3614 αὐτῷ
1264 3530 1332 3598 οἷοέ

203 3637 322 3718 πυρετοῦ
345 3633 360 3694 ὁ
382 3633 486 3720 ἰατρός,
513 3630 583 3695 ἀλλ’
599 3633 742 3720 ἔλεγχός
794 3633 884 3695 ἐστιν
900 3632 949 3695 ·εί
972 3631 1013 3718 μὴ
1037 3631 1083 3695 καί
1110 3633 1125 3695 ὁ
1152 3633 1331 3721 ίατρὸςτὸν

290 3805 309 3870 ¹)
327 3805 371 3858 Ex
394 3804 484 3875 llpiot
507 3805 599 3859 verbis
625 3805 688 3872 (IV,
707 3809 732 3870 4,
750 3805 789 3872 8):
817 3800 866 3859 οὔκ
892 3799 962 3874 doaz}
987 3807 1024 3876 τῷ
1050 3800 1113 3857 καθ’
1131 3802 1150 3858 c‘z'
1177 3800 1332 3876 ἀνέγνωκας

203 3887 308 3942 ἐσθίειν
327 3889 444 3944 eflicitur
462 3907 515 3945 uon
534 3907 637 3962 paucos
656 3891 742 3945 libros
759 3894 815 3945 tum
835 3892 862 3944 in
880 3891 932 3945 hoc
952 3895 1110 3960 argumento
1123 3895 1246 3946 versatos
1262 3908 1331 3947 esse.

203 3978 273 4030 Pers
291 3976 326 4043 V,
348 3979 393 4032 18:
413 3978 590 4049 „plebeiaque
608 3977 723 4049 prandia
741 3978 839 4033 noris.“

288 4063 330 4115 De
357 4080 468 4118 munere
495 4062 724 4135 philosophorum
743 4080 767 4118 v.
794 4062 871 4117 Diels
892 4064 1010 4131 Doxogr.
1038 4081 1064 4134 p.
1083 4065 1124 4129 82,
1152 4063 1332 4119 Friedldnder

203 4147 348 4202 Rdmischc
376 4149 627 4219 Sittengeschichte
653 4150 705 4215 Ill,
732 4149 783 4204 589
809 4165 858 4218 sq,
886 4148 995 4202 Martha
1020 4149 1060 4202 les
1088 4150 1241 4204 moralistes
1267 4168 1332 4207 sous

200 4232 323 4304 l’empire
342 4234 455 4302 romain,
472 4236 552 4290 Paris
570 4237 644 4291 1871.
