3218 4896
669 359 857 420 -7-

205 545 402 614 Schuchardt
424 569 455 634 p.
479 549 520 612 83
544 548 684 615 contulit.
718 547 810 613 Patet
830 546 909 612 haec
932 546 1039 612 omnia
1061 565 1100 610 ex
1124 543 1223 612 stoico
1244 542 1333 609 fonte

203 651 346 718 fluxisse:
380 649 474 718 Nullo
498 660 601 718 autem
631 651 725 719 modo
753 651 849 718 statui
877 655 1031 737 potesta
1059 647 1223 714 Clemente
1246 667 1332 714 com-

204 755 352 841 pendium
370 753 528 839 quoddam
545 754 764 822 definitionum
779 754 954 820 adhibitum
978 773 1058 820 esse.
1093 750 1174 819 Nam
1196 751 1332 837 primum

207 858 302 924 multo
336 858 471 943 amplius
505 866 537 923 et
570 858 726 942 copiosius
760 857 904 924 notiones
933 857 1081 922 virtutum
1110 854 1160 922 vel
1187 855 1333 920 uitiorum

207 969 413 1048 exponuntur,
443 981 536 1046 quam
566 961 646 1027 solet
672 960 739 1028 fieri
767 963 799 1027 in
827 961 941 1028 ieiunis
969 959 1031 1026 illir
1060 967 1154 1044 atque
1176 958 1333 1025 sterilibus

207 1065 410 1151 compendiis.
455 1063 533 1128 Tum
562 1063 761 1131 definitiones
788 1063 863 1130 illae
890 1064 988 1130 artius
1016 1063 1131 1147 ubique
1164 1060 1334 1127 cohaerent

208 1190 276 1234 cum
303 1171 460 1235 universa
476 1169 697 1252 disputationis
724 1169 815 1252 serie,
843 1188 936 1253 quarn
963 1174 999 1234 nt
1025 1187 1064 1234 ex
1093 1165 1217 1232 diverso
1246 1165 1333 1232 ionte

207 1275 303 1358 repeti
325 1274 457 1359 possint.
502 1270 594 1336 Unde
617 1269 751 1338 efficitur
772 1272 951 1338 uniuersam
981 1271 1084 1356 potius
1112 1267 1333 1354 disputationis

207 1378 317 1443 seriem
342 1399 382 1444 ex
404 1377 484 1442 libro
507 1376 605 1442 stoico
629 1395 698 1442 esse
720 1375 916 1442 translatam.

293 1481 369 1546 (lum
388 1480 458 1545 ‘hac
485 1467 582 1564 opera
608 1480 642 1544 in
668 1499 780 1545 vocum
809 1479 988 1545 notionibus
1012 1475 1209 1564 explicandis
1231 1478 1335 1562 posita

208 1584 354 1650 cohaeret
377 1583 515 1650 studium
538 1582 712 1665 indagandi
734 1584 871 1666 origines
894 1583 1070 1665 verborum,
1087 1602 1147 1666 quo
1170 1583 1203 1646 in
1218 1601 1334 1664 genere

182 1769 184 1778 .
207 1688 333 1754 eosdem
362 1673 476 1753 stoicos
500 1685 672 1752 admodum
695 1689 753 1754 sibi
776 1688 937 1774 placuisse
958 1695 1068 1754 notum
1091 1693 1151 1752 est.
1196 1683 1238 1750 Ut
1258 1684 1334 1767 11,2

208 1811 237 1876 p.
263 1793 324 1856 163
347 1790 380 1856 P.
407 1791 581 1875 ,dhlurtt“
607 1791 793 1857 vocabulum
817 1790 977 1857 derivatur
1003 1811 1023 1856 a
1050 1810 1126 1856 voce
1151 1788 1291 1872 ,101ιοα
1301 1789 1333 1873 ¹),

207 1894 243 1974 ΙΙ,
271 1898 289 1957 7
317 1915 348 1981 p.
378 1896 438 1960 168
466 1895 500 1960 P.
532 1899 644 1965 ἄσωτος
673 1894 849 1980 explicatur
879 1897 1008 1965 ἅσωστος
1031 1895 1070 1962 cf.
1094 1897 1136 1959 26
1161 1916 1190 1981 p.
1216 1897 1276 1959 182
1300 1893 1334 1969 P,

207 1999 247 2062 00
263 2018 294 2084 p.
310 2000 373 2063 203
396 1999 429 2064 P.
451 2003 489 2064 71
507 2023 537 2086 p.
561 2004 624 2064 212
647 1999 680 2066 P.
706 2001 767 2064 128
784 2021 814 2085 p.
833 2003 895 2064 247
913 2000 948 2066 P.
982 1999 1052 2066 Non
1075 2001 1178 2066 minus
1202 1999 1333 2065 stoream

207 2101 408 2186 disciplinam
431 2104 554 2171 redolet
576 2103 769 2170 consuetudo
797 2103 853 2169 illa
874 2103 997 2170 fabulas
1021 2104 1192 2188 allegorica
1214 2104 1334 2167 ratione

205 2205 435 2290 interpretandi
459 2207 554 2273 etad
580 2227 701 2273 morum
726 2206 902 2273 doctrinam
925 2206 1135 2273 transferendi
1162 2205 1212 2288 (Il,
1239 2208 1278 2269 31
1304 2226 1333 2290 p.

208 2309 269 2372 180
293 2307 340 2390 Ρ.;
371 2312 413 2373 34
434 2330 465 2395 p.
490 2311 551 2372 187
579 2309 629 2390 P.;
655 2308 706 2392 ΙΙΙ,
732 2314 769 2375 11
798 2333 829 2397 p.
860 2313 924 2376 208
951 2310 1014 2394 Ρ.),
1048 2330 1141 2397 porro
1176 2308 1335 2375 distinctio

206 2413 410 2478 terminorum
435 2413 520 2483 τέλος
543 2419 574 2477 01
596 2418 700 2484 σκοπός
727 2412 765 2497 ΙΙ,
793 2417 835 2479 83
865 2435 896 2501 p.
920 2415 984 2478 220
1007 2413 1052 2496 P,
1077 2413 1190 2479 Stoicis
1218 2412 1337 2478 tributa

206 2514 292 2599 apud
315 2515 398 2580 Stob.
429 2519 488 2583 ecl.
517 2519 578 2584 eth.
608 2541 639 2605 p.
669 2521 710 2584 60
738 2518 776 2584 H.
800 2522 841 2582 47
865 2516 924 2599 W.,
957 2519 1034 2583 item
1057 2517 1144 2583 notio
1178 2516 1337 2601 πληκτικῆε

207 2621 364 2704 φαντασίας
387 2641 466 2704 0000
490 2629 593 2688 exstat
614 2621 651 2705 ΙΙ,
676 2625 737 2687 118
760 2643 790 2708 p.
813 2625 874 2688 241
899 2621 933 2687 Ρ.
979 2620 1066 2698 Quae
1089 2617 1130 2705 ΙΙ,
1153 2623 1281 2687 80-82
1304 2643 1334 2708 p.

207 2725 269 2786 219
294 2722 325 2787 P.
351 2723 390 2788 de
413 2727 543 2792 somniis
567 2724 729 2807 docentur,
753 2723 969 2811 comparanda
992 2731 1066 2792 0001
1088 2746 1160 2791 cum
1184 2724 1337 2791 Cicerone

207 2827 247 2892 de
265 2826 326 2894 div.
343 2826 365 2909 Ι,
384 2829 455 2892 60-
470 2830 524 2908 643
542 2849 622 2913 quae
636 2828 678 2894 ΙΙΙ
694 2831 735 2892 50
751 2851 781 2914 p.
798 2830 861 2892 286
877 2828 912 2894 Ρ.
929 2828 969 2895 00
985 2831 1112 2914 σημείοις
1126 2828 1336 2914 profemntur,

206 2932 378 2997 concinunt
400 2953 471 2996 cum
488 2931 610 2999 Galeno
633 2933 707 2999 hist.
726 2933 801 3018 phil.
819 2935 838 2997 9
862 2933 1015 3018 (Doxogr.
1033 2935 1083 3002 00.
1100 2933 1188 3000 Diels
1204 2953 1235 3018 p.
1253 2931 1332 3014 605)

207 3042 239 3098 et
262 3034 356 3100 Sexto
379 3033 471 3120 Emp.
500 3035 534 3100 P.
558 3035 596 3100 H.
621 3035 658 3119 ΙΙ,
684 3037 746 3100 100
769 3057 815 3120 00.
860 3035 907 3102 Νο
930 3036 1009 3103 11100
1039 3037 1165 3122 quidem
1194 3035 1335 3102 0010100

207 3144 335 3204 auctore
347 3138 503 3220 abhorret,
516 3138 600 3222 quod
611 3141 643 3205 in
657 3141 770 3224 capite,
783 3143 890 3206 nonin
904 3141 999 3208 corde
1012 3143 1128 3208 mentis
1142 3138 1337 3226 domicilium

206 3243 331 3327 ponitur
353 3240 390 3322 ll,
414 3243 456 3304 34
477 3263 507 3326 p.
534 3243 595 3305 187
619 3243 693 3326 PP).
739 3242 883 3327 Denique
906 3244 966 3310 hoc
990 3243 1068 3310 mihi
1089 3243 1186 3310 velim
1202 3242 1339 3326 explicet

206 3346 328 3428 aliquis,
347 3342 422 3427 quid
438 3345 497 3408 sibi
510 3344 585 3409 velit
601 3344 633 3409 iri
646 3336 863 3411 ecclesiastico
879 3347 1034 3432 scriptore
1047 3353 1134 3412 certa
1145 3345 1338 3432 reipublicae

207 3448 386 3532 descriptio,
404 3467 443 3512 ex
466 3468 528 3530 000
550 3448 660 3512 eicitur
682 3450 822 3534 pretiosa
845 3450 989 3535 supellex
1014 3449 1064 3534 (ΙΙ,
1088 3452 1130 3514 36
1153 3471 1183 3536 p.
1210 3450 1271 3513 189
1287 3447 1338 3531 Ρ.)

206 3557 302 3635 01000
336 3558 464 3616 ornatus
498 3571 709 3636 supervacuus
745 3551 796 3636 (ll,
832 3555 894 3618 106
921 3575 952 3639 p.
990 3555 1054 3618 233
1083 3552 1146 3636 Ρ.),
1180 3553 1339 3638 pelluntur

207 3653 390 3739 myropolae
425 3651 475 3737 (ΙΙ,
504 3654 545 3717 05
572 3675 603 3738 p.
628 3655 691 3719 208
719 3653 783 3738 Ρ.),
817 3658 961 3741 parasiti,
997 3656 1121 3724 moechi
1157 3654 1210 3739 (Η,
1239 3657 1280 3720 93
1307 3674 1338 3739 p.

296 3861 313 3926 ¹)
332 3860 442 3912 Acriter
460 3864 489 3913 et
506 3859 558 3912 hoc
576 3859 636 3912 loco
655 3863 684 3912 et
703 3859 739 3924 ll,
758 3861 773 3913 7
791 3877 817 3930 p.
835 3863 883 3915 167
900 3861 932 3916 P.
946 3863 1092 3933 impugnet
1104 3860 1232 3916 athletas.
1259 3858 1338 3925 Quod

206 3945 385 4016 Xenophanis
398 3949 426 3998 01
435 3945 561 3998 Platonis
574 3945 728 4016 exemplum
741 3947 831 4000 000011
845 3947 933 4002 Stoici
947 3950 1114 4020 posteriores
1128 3948 1219 4001 solent
1232 3947 1337 4002 iacere:

206 4033 269 4086 Son.
289 4032 367 4101 epist.
386 4032 429 4098 80,
448 4032 463 4084 2
482 4032 523 4097 88,
544 4032 583 4086 18.
605 4032 643 4086 19.
672 4031 724 4084 Dio
743 4031 836 4100 Chrys.
848 4036 914 4086 tom.
934 4034 957 4100 l,
974 4034 1160 4104 0041511100.
1176 4033 1297 4088 Galenus
1311 4032 1340 4084 in

206 4118 293 4171 altera
310 4117 478 4186 Protreptici
495 4120 573 4186 perte
591 4117 656 4170 inde
675 4134 698 4171 a.
711 4133 734 4172 0.
752 4117 779 4171 X
796 4119 849 4172 hoc
867 4119 896 4172 in
922 4137 951 4173 re
972 4122 1104 4174 versatur.
1139 4119 1199 4173 Hos
1223 4119 1340 4189 impetus

208 4203 331 4257 defendit
349 4204 534 4256 Philostratus
552 4204 580 4256 in
597 4203 667 4258 libro
687 4205 734 4272 001
751 4205 913 4260 inscribitur
930 4205 1012 4276 ,περὶ
1029 4206 1232 4277 γυμναστικῆς“.

292 4289 313 4356 ²)
332 4306 356 4343 v.
375 4289 464 4354 Stolo,
482 4290 527 4342 die
546 4289 727 4360 Psychologie
745 4292 793 4343 der
811 4291 890 4357 Stoa,
912 4293 1005 4346 Berlin
1026 4293 1092 4346 1886
1110 4308 1137 4362 p.
1158 4292 1215 4346 134.
