3218 4896
775 273 986 336 ,48..

321 462 484 545 quisquam
507 466 623 526 statuet
644 481 684 526 ex
707 461 840 546 epistola
861 459 1006 528 hausisse
1028 461 1234 542 Clementem,
1258 461 1374 546 quippe
1395 462 1446 545 qui

321 563 418 627 multo
442 563 598 647 ampliora
618 564 786 648 praebeat3
810 584 901 647 quae,
925 584 994 628 oum
1019 564 1124 629 aliena
1146 565 1209 628 sint
1237 564 1276 629 ab
1304 563 1446 648 epistola,

321 687 362 730 ex
383 665 496 732 eodem
519 667 725 740 stoicofonte
748 666 923 751 repetenda
946 674 1027 748 sunt,
1056 672 1149 751 atque
1176 687 1224 749 ea,
1253 687 1333 750 quae
1360 687 1446 732 com-

321 770 429 834 munia
456 776 528 834 sunt
555 769 711 836 Clementi
744 778 776 835 et
802 770 1018 853 lustinosive
1052 769 1101 835 Ps.
1136 768 1263 835 Iustino.
1309 768 1371 834 Sed
1405 789 1446 840 ne

322 873 468 940 Clemens
502 872 628 957 quidem
656 878 764 939 auctor
793 879 841 938 est
868 873 1006 938 alterius.
1052 870 1153 938 Multa
1185 868 1267 937 ehim
1302 870 1446 954 leguntur

321 976 354 1039 in
377 975 519 1060 epistola,
543 995 634 1059 quae,
656 996 728 1041 cum
744 977 876 1042 stoicum
894 975 1030 1040 colorem
1047 973 1193 1056 habeant,
1209 975 1241 1040 in
1257 972 1446 1054 Paedagcgo

321 1097 385 1143 non
406 1078 616 1142 inveniuntur.
662 1077 750 1159 Tum,
774 1079 800 1144 si
822 1077 975 1162 epistolae
998 1083 1107 1142 auctor
1134 1097 1153 1142 a
1176 1076 1341 1142 Clemente
1367 1096 1446 1160 pen-

322 1179 421 1261 deret,
439 1178 594 1262 quomodo
610 1181 718 1265 posset
732 1181 850 1254 tactum
866 1199 946 1260 esse,
962 1184 998 1246 ut
1009 1177 1097 1244 nulla
1108 1179 1264 1264 sententia
1276 1177 1447 1243 christiana

321 1284 342 1348 i.
365 1303 408 1364 a,
432 1304 524 1366 quam
542 1282 689 1349 Clemens
704 1283 898 1348 Musonianis
919 1281 1086 1367 adspersit,
1101 1283 1133 1346 in
1150 1281 1328 1366 epistolam,
1344 1287 1443 1347 trans·

321 1385 432 1468 iret¹)?
467 1385 584 1469 Restat,
608 1391 643 1451 ut
665 1393 793 1470 uterque
810 1385 944 1452 Musonii
965 1383 1080 1450 librum
1097 1385 1322 1469 compilaverit.
1356 1380 1447 1459 Quod

322 1508 359 1552 eo
383 1486 576 1572 probabilius
600 1494 658 1570 est,
682 1487 765 1570 quod
789 1486 950 1552 Musonius
978 1505 1094 1568 magna
1120 1486 1244 1552 videtur
1271 1507 1345 1551 usus
1378 1505 1447 1552 esse

322 1590 507 1654 auctoritate
541 1583 630 1673 apud
655 1588 858 1656 Christianos.
904 1589 1041 1656 Summis
1073 1588 1127 1655 ille
1161 1588 1287 1673 quidem
1322 1587 1442 1652 effertur

321 1690 466 1756 laudibus
490 1691 680 1774 a.lustino²)
704 1698 734 1757 et
759 1689 895 1774 Origene
920 1690 1122 1775 (Nieuwland
1143 1691 1164 1756 l.
1186 1712 1212 1758 c.
1228 1712 1259 1776 p.
1278 1693 1317 1784 1'7
1335 1698 1365 1755 et
1380 1687 1446 1772 25).
1545 1707 1548 1714 ·

321 1791 388 1859 Nec
410 1795 519 1878 paucis
542 1793 696 1878 epistolae
717 1793 795 1866 locis
824 1814 960 1876 agnosco
985 1793 1203 1860 Musonianum
1233 1793 1358 1860 dicendi
1385 1791 1447 1857 ler-

322 1914 427 1962 vorem
446 1897 671 1962 alienissimum
695 1897 734 1962 ab
758 1897 971 1962 eeclesiastico
994 1897 1157 1981 scriptore,
1180 1897 1265 1962 velut
1287 1877 1314 1960 c'.
1337 1897 1356 1959 3
1379 1897 1393 1958 ὁ
1416 1894 1447 1960 δὲ

320 2005 443 2068 τοιοῦτος
466 1999 663 2089 ἑκατοντάχειρ
687 2049 693 2061 .
719 2048 725 2062 .
751 2048 757 2062 .
783 1998 914 2082 βούλεται
936 2006 1091 2086 περιπατεῖν
1113 2000 1161 2062 καὶ
1181 2003 1445 2086 πεντηκοντακέφα-

320 2106 381 2174 hcc.
420 2105 570 2192 Γηρυόνας
596 2105 784 2192 τρικεφάλους
811 2104 858 2166 καὶ
884 2089 1034 2192 ἑξάχειρὰς
1060 2106 1164 2189 ζηλῶν
1193 2105 1285 2188 (nihil
1312 2111 1363 2171 cst
1389 2111 1445 2189 ζη-

320 2209 392 2292 τῶν)
416 2211 479 2272 κτλ.
504 2209 543 2274 cf.
567 2229 593 2274 c.
618 2209 637 2271 6
659 2211 790 2297 καθάπερ
878 2259 885 2272 .
909 2209 938 2271 9.
965 2211 1014 2274 15.
1480 2201 1483 2208 ’

407 2310 580 2380 Ostendam
598 2312 822 2378 Tertullianum
843 2332 965 2397 quoque
987 2313 1021 2376 in
1040 2313 1185 2378 asceticis
1205 2332 1285 2394 quae
1301 2309 1447 2376 dicuntur

321 2417 444 2502 scriptis
460 2416 591 2481 multum
616 2415 731 2482 debere
753 2414 906 2482 Musonio.
953 2411 1059 2499 Nuper
1081 2411 1322 2480 Noeldeohenus
1344 2413 1385 2486 de
1408 2433 1448 2478 ea

320 2521 442 2586 ratione
458 2520 531 2602 egit,
547 2539 628 2602 quae
642 2520 724 2608 inter
740 2518 934 2600 Clementem
951 2523 983 2582 et
997 2515 1221 2581 Tertullianum
1237 2516 1447 2582 intercederet

321 2621 531 2706 (Jahrbiicher
558 2621 578 2686 s.
601 2629 680 2708 prot.
705 2619 812 2686 Theol.
839 2619 921 2684 1886
944 2640 974 2703 p.
999 2617 1085 2699 279).
1130 2616 1159 2682 ls
1185 2624 1350 2705 postquam
1373 2637 1446 2703 prc-

322 2726 407 2791 bavit
440 2725 559 2806 aliquot
592 2723 774 2789 Tertulliani
809 2713 983 2790 sententias
1017 2720 1187 2787 admodum
1219 2740 1290 2786 cum
1324 2718 1446 2786 Paeda-

321 2829 428 2911 gogol)
451 2827 628 2905 concinere,
657 2825 732 2891 inde
760 2823 920 2890 concludit
943 2822 1237 2905 Carthaginiensem
1265 2824 1447 2909 episcopum

320 2999 526 3012 ...n--u—-u—-n

409 3066 428 3133 1)
446 3065 534 3120 Velut
553 3080 614 3118 cum
632 3063 694 3118 loco
711 3080 738 3132 p.
757 3063 790 3116 45
810 3061 892 3115 allato
911 3063 1004 3114 cetera
1020 3076 1079 3114 cum
1099 3060 1268 3128 clem.11,a
1287 3063 1447 3130 congruant,

321 3154 428 3217 desunt,
446 3165 516 3222 quae
534 3149 578 3202 hic
595 3151 659 3217 post
678 3163 733 3202 voc.
752 3145 824 3218 ἡμᾶς
840 3147 965 3200 inseruit:
987 3143 1053 3200 xoret
1070 3145 1118 3210 τήν
1134 3143 1166 3199 ἐν
1182 3147 1219 3216 τῷ
1236 3140 1386 3216 stuppam,
1403 3146 1450 3198 md

321 3237 447 3290 πλουσίου
466 3235 562 3294 παιδός
578 3232 678 3287 εἰκόνα.

407 3323 429 3390 ²)
446 3321 514 3375 Inde
533 3320 605 3390 quod
622 3319 750 3372 laudatur
766 3314 911 3372 Musonius
930 3335 947 3372 a
963 3307 1078 3382 Iustino,
1097 3316 1240 3370 confirmet
1257 3315 1393 3386 quispiam
1410 3315 1449 3384 ip-

321 3410 378 3463 sius
396 3407 495 3460 Instini
519 3421 580 3459 esse
599 3421 659 3458 eum
678 3403 808 3468 libeMnm,
827 3403 902 3458 cuius
920 3402 1013 3470 aliqua
1030 3417 1095 3473 pars
1106 3419 1140 3456 ex
1152 3401 1270 3454 Musonii
1284 3401 1352 3454 libro
1364 3400 1450 3456 fluxit.

322 3493 404 3548 Certe
422 3490 506 3546 multo
525 3491 678 3544 accuratius
702 3505 782 3559 quam
805 3488 894 3543 adhuc
915 3486 1018 3542 factum
1041 3490 1092 3550 est,
1114 3488 1260 3556 quaeratur
1277 3501 1390 3542 necesse
1408 3488 1452 3540 sst

321 3578 356 3632 de
366 3581 475 3632 auctore
485 3575 581 3630 libelli.
609 3575 693 3640 Quem
705 3573 839 3643 equidem,
849 3572 973 3642 quamuis
982 3571 1123 3626 incondite
1137 3570 1270 3626 etinscite
1282 3569 1451 3624 Christianus

321 3661 442 3720 Musonii
460 3676 527 3730 opus
546 3659 707 3729 compilarit,
725 3661 814 3712 bonae
834 3658 934 3711 aetatis
952 3673 1013 3710 esse
1037 3659 1111 3727 puto.
1147 3655 1192 3710 Ac
1215 3655 1291 3709 futile
1309 3658 1359 3719 est,
1378 3655 1452 3724 quod

321 3747 443 3814 theologi
462 3745 589 3799 dixerunt
607 3743 674 3808 „hoc
693 3746 898 3818 monumentum¹
914 3743 949 3795 ad
965 3741 1089 3795 homines
1102 3742 1129 3793 in
1140 3741 1305 3795 monasterio
1320 3741 1453 3808 degentes

322 3833 451 3902 scriptum
471 3833 558 3892 esse“‚
580 3832 720 3896 tamquam
744 3841 798 3880 non
822 3831 885 3880 ante
904 3826 1052 3881 monachos
1069 3827 1123 3878 iarn
1141 3825 1345 3895 philosophiis
1358 3825 1452 3895 primis

322 3917 403 3972 stoici
415 3919 443 3970 et
456 3914 555 3984 cynici,
574 3917 675 3968 certam
689 3914 851 3968 habuissent
863 3912 936 3966 vitae
954 3910 1082 3980 regulam.
1110 3911 1195 3976 Quum
1214 3914 1311 3980 postca
1328 3910 1452 3966 monachi

322 4001 421 4056 imitati
439 4001 509 4053 sunt.
961 4065 964 4072 Ι

407 4085 427 4154 ⁸)
447 4085 489 4138 De
504 4083 664 4152 Paedagogi
676 4083 757 4136 modo
771 4082 841 4136 locis
856 4097 908 4150 ago
918 4099 935 4134 a
948 4080 1141 4134 Noeldecheno
1155 4080 1294 4147 adhibitis;
1308 4081 1342 4136 de
1355 4080 1455 4134 ceteris

322 4173 446 4226 iudicent
463 4169 594 4238 theologi.
