3218 4896
667 327 857 392 ..3.-

199 539 270 582 enm
299 524 385 583 recta
413 518 463 582 via
490 516 577 583 ducit
610 523 641 582 et
674 519 763 601 quasi
791 515 1021 602 paedagogum)
1049 518 1116 584 eins
1145 527 1203 600 est,
1237 517 1330 584 docet

200 619 466 704 quemadmodum
495 621 535 685 sit
556 619 734 686 vivendum.
779 618 838 685 Est
860 639 932 686 vero
959 619 1128 686 vivendum
1154 619 1329 686 secundum

198 725 301 808 ipsam
325 724 480 790 rationem
505 723 553 788 vel
575 723 750 808 naturam2)
773 723 822 790 vel
846 723 950 790 deum.
988 723 1057 790 Hae
1080 727 1163 790 enim
1184 725 1328 789 notiones

284 895 304 964 ¹)
325 895 412 949 Stoici
439 895 529 948 solent
560 894 648 964 λόγον,
681 911 761 964 quem
794 895 876 949 etiam
910 893 1028 965 deipara
1054 897 1166 964 lingunt,
1198 894 1328 948 inducere

198 981 276 1051 qnasi
293 982 452 1050 magistrum
478 985 505 1034 et
528 982 671 1035 custodem
695 981 820 1047 hominis,
839 999 864 1036 v.
883 981 947 1036 Seu.
967 999 1010 1052 ep.
1031 983 1088 1048 110,
1108 984 1136 1038 l:
1163 997 1283 1052 „sepone
1300 981 1329 1034 in

197 1069 364 1139 praesentia,
383 1083 454 1137 quae
474 1067 678 1137 quibusdam
697 1068 816 1137 placent,
834 1069 980 1138 unicuique
999 1073 1121 1123 nostrum
1137 1068 1328 1142 paedagogpm

199 1155 258 1208 dari
271 1154 359 1218 deum,
373 1169 427 1207 non
439 1154 549 1223 quidem
563 1153 741 1208 ordinarium“
761 1157 812 1208 etc.
831 1169 873 1225 ep.
892 1155 934 1218 31,
948 1156 993 1221 11;
1010 1157 1052 1220 41,
1068 1155 1147 1210 1-5:
1165 1169 1267 1224 „prope
1286 1159 1329 1208 est

198 1257 215 1292 a
235 1244 263 1293 te
292 1238 368 1304 deus,
396 1243 489 1294 tecum
512 1243 563 1304 est,
586 1239 660 1292 intus
684 1242 726 1292 cst
744 1279 751 1294 .
770 1279 777 1293 .
795 1279 803 1294 .
821 1253 901 1292 sacer
927 1239 999 1293 intra
1025 1256 1075 1294 nos
1102 1240 1214 1309 spiritus
1241 1238 1328 1303 sedet,
1421 1311 1426 1317 Ι

197 1326 328 1379 malorum
354 1327 540 1394 bonorumque
568 1326 736 1389 observator,
763 1329 791 1379 et
818 1328 910 1378 custos
934 1329 1010 1381 ...“
1038 1326 1182 1380 simillime
1208 1325 1328 1395 loquitur

95 1477 97 1480 Ι
196 1411 342 1482 Epictetus
365 1412 387 1476 I,
413 1413 453 1476 14,
478 1413 509 1464 12
533 1410 693 1481 ,ἐπίτροπον
714 1407 816 1482 ἑκάστῳ
839 1407 989 1480 παρέστησε
1009 1411 1055 1463 τόν
1077 1409 1187 1484 ἑκάστου
1210 1409 1328 1480 δαίμονα

196 1499 242 1552 καὶ
254 1497 398 1570 παρέδωκε
411 1499 577 1570 φυλάσσειν.
592 1538 598 1552 .
613 1538 619 1550 .
637 1498 652 1551 ό
669 1499 734 1558 θεός
745 1497 831 1564 ,ἔνδον
848 1497 937 1552 ἐστίν“
956 1507 1008 1556 etc.
1024 1501 1058 1554 cl.
1076 1501 1107 1556 ir.
1122 1502 1164 1556 98.
1181 1500 1218 1554 M.
1232 1499 1327 1555 Aurei.

195 1587 231 1652 V,
250 1587 297 1641 27:
325 1584 473 1657 δδαόμων,
501 1582 533 1638 όν
559 1581 661 1656 ἑκάστῳ
688 1585 837 1654 προστάτην
862 1586 910 1639 καὶ
936 1585 1058 1656 ἡγεμόνα
1084 1586 1098 1640 ό
1127 1587 1192 1647 Ζεδς
1219 1585 1327 1650 ἔδωκεν,

196 1665 270 1732 οὗτος
292 1668 322 1726 δέ
343 1669 415 1725 ἐστιν
433 1670 447 1722 ό
465 1669 577 1725 ἑκάστου
601 1673 663 1731 νοός
684 1669 731 1723 καὶ
753 1671 831 1740 λόγος
853 1673 887 1726 cf.
906 1673 942 1738 ΙΙ,
968 1674 1000 1727 13
1018 1673 1068 1738 ΙΙΙ,
1086 1675 1111 1728 4.
1130 1675 1154 1728 6.
1191 1673 1327 1726 Maximus

196 1759 296 1828 Tyrius
314 1758 379 1812 dise.
398 1757 465 1827 VII,
483 1759 507 1813 2.
526 1759 551 1812 3.
570 1759 586 1812 8
603 1756 632 1810 τό
651 1755 718 1811 δ’ἐκ
735 1758 886 1828 φιλοσοφίᾳ
903 1758 1054 1828 κεφάλαιον
1071 1757 1154 1812 δεῖται
1166 1757 1327 1812 διδασκάλω

196 1884 203 1899 .
222 1887 229 1899 .
248 1886 254 1900 .
274 1885 281 1898 .
300 1842 590 1914 διαπαιδαγωγοῦντος,
610 1845 657 1914 qui
675 1849 719 1898 est
735 1843 811 1914 λόγος
830 1885 837 1899 .
855 1885 862 1898 .
881 1883 888 1898 .
907 1885 914 1899 .
933 1844 997 1900 diss.
1015 1845 1096 1911 XIV,
1115 1845 1247 1915 imprimis
1260 1860 1283 1898 c.
1302 1846 1326 1898 7.

195 1930 290 1996 XVII,
313 1933 337 1984 7.
362 1931 401 1986 10.
437 1929 559 1996 Stoicos,
587 1934 618 1984 ut
644 1946 729 2000 saepe
752 1931 827 1996 lacit,
855 1931 977 2000 sequitur
1003 1930 1150 1985 Hierocles
1176 1930 1283 1984 dicens:
1312 1925 1326 1982 ό

196 2015 274 2084 λόγος
291 2015 477 2086 παιδαγωγῶν
494 2015 566 2085 ἡμᾶς
588 2019 641 2070 etc.
665 2015 717 2082 (ed.
737 2015 859 2069 Mullach
881 2016 1059 2071 Romuleos
1081 2033 1107 2088 p.
1125 2017 1158 2070 23
1179 2015 1323 2069 Needham

195 2119 222 2171 p.
244 2103 293 2172 ll).
331 2104 373 2156 De
397 2118 449 2156 usu
469 2103 546 2157 verbi
569 2101 758 2172 παιδαγωγεῖν
776 2101 810 2156 cf.
829 2102 945 2156 eundem
963 2119 990 2172 p.
1008 2103 1049 2169 55,
1070 2103 1101 2156 18
1121 2103 1157 2156 Μ.
1176 2103 1209 2156 58
1226 2102 1266 2168 Ν;
1284 2101 1326 2167 92,

197 2188 228 2242 16
247 2188 283 2243 n.
305 2188 397 2243 man
430 2194 459 2242 et
480 2188 635 2242 Musonium
658 2188 732 2258 apua
754 2186 830 2242 sae.
852 2171 909 2242 adr.
933 2189 1015 2244 nain.
1036 2189 1092 2258 lp.
1113 2189 1170 2253 me,
1196 2189 1227 2241 10
1250 2187 1278 2241 11
1300 2205 1327 2258 p.

197 2275 236 2339 10,
261 2277 301 2330 14.
325 2303 356 2313 —-
379 2276 459 2329 Haec
481 2290 546 2328 vero
570 2275 640 2327 ratio
663 2274 772 2344 propria
790 2273 945 2328 Stoicorum
969 2274 1051 2328 facile
1074 2274 1209 2329 Clementi
1231 2289 1325 2329 ansam

198 2361 275 2414 dedit
291 2361 486 2415 immiscendae
501 2361 708 2421 christianorum
723 2361 757 2414 de
775 2360 846 2431 λόγῳ
865 2360 1026 2426 doctrinam,
1045 2361 1084 2414 ita
1101 2365 1132 2414 ut
1150 2361 1273 2415 Christus
1291 2359 1327 2414 sit

195 2463 276 2503 verus
293 2447 377 2518 λόγος,
397 2447 472 2514 deus,
490 2446 676 2519 paedagogus.
1130 2514 1133 2520 μ

282 2533 438 2603 ²)Semper
464 2536 627 2604 provocatur
653 2531 688 2585 ad
714 2535 839 2585 naturam
866 2532 966 2602 quippe
994 2541 1048 2601 qua
1075 2533 1144 2587 duce
1167 2533 1251 2586 errari
1273 2548 1326 2586 non

196 2619 298 2689 possit:
325 2619 372 2675 lib.
390 2621 420 2674 11
442 2624 457 2685 5
477 2623 535 2691 lp.
557 2619 604 2674 162
628 2619 733 2673 Potter.
756 2618 884 2685 (adhibeo
908 2618 1042 2672 Dindorfii
1065 2619 1108 2673 ad.
1126 2619 1226 2674 Oxonii
1249 2619 1326 2688 1869)

196 2706 323 2760 Hominis
336 2709 378 2760 est
391 2706 497 2760 discere
515 2705 639 2776 θεωρίαν
655 2706 710 2756 τῶν
726 2705 794 2757 κατά
811 2703 858 2756 τόν
876 2703 1025 2773 ἄνθρωπον
1042 2703 1243 2776 συμβαινόντων
1259 2703 1327 2758 κατά

197 2790 298 2861 φύσιν
311 2793 327 2846 5
339 2809 365 2861 p.
380 2793 428 2847 166
443 2793 474 2846 Ρ.
488 2789 558 2862 μηδὲ
570 2787 739 2861 ὠφελεῖσθαι
755 2787 863 2860 πέφυκε
878 2792 909 2844 13
922 2807 948 2860 p.
964 2793 1011 2845 172
1029 2790 1060 2845 P.
1078 2793 1124 2854 τῆς
1140 2791 1207 2843 κατά
1226 2790 1270 2860 md
1276 2805 1327 2843 σιν

197 2876 336 2948 ἐνεργείας
353 2879 386 2931 46
400 2895 426 2948 p.
448 2879 496 2931 196
514 2879 547 2931 Ρ.
567 2876 654 2930 ὁπόσα
666 2875 768 2947 φυσικά
781 2882 835 2935 τοῖς
848 2870 1006 2946 άνδριόποις
1020 2873 1101 2940 ἐστίν,
1119 2878 1201 2930 ταῦτα
1219 2872 1267 2928 οόκ
1284 2873 1327 2938 ἑξ-

198 2969 287 3033 αιρεῖν
304 2963 333 3025 ἐξ
351 2958 441 3016 adedo
460 2962 504 3016 δεῖ
520 2963 566 3030 (cf.
585 2963 643 3018 Gic.
663 2963 697 3016 de
722 2962 767 3016 off.
785 2962 806 3028 Ι,
827 2962 885 3030 110)
905 2964 953 3016 116
972 2979 998 3032 p.
1017 2963 1068 3016 240
1086 2963 1116 3018 P.
1139 2959 1327 3033 προθεμένους

198 3046 229 3103 δὲ
246 3089 252 3103 .
272 3091 279 3103 .
298 3090 305 3105 .
323 3089 330 3106 .
348 3049 394 3102 τόν
412 3048 513 3102 σκοπόν
530 3049 576 3102 τόν
594 3044 680 3116 ὀρθόν
696 3049 726 3100 τό
743 3048 810 3101 κατά
833 3047 936 3117 φύσιν
957 3045 1078 3119 ἐκλέγειν
1095 3048 1157 3119 χρή·
1187 3050 1248 3103 Has
1266 3065 1326 3104 sen-

197 3135 299 3190 tentias
318 3135 400 3206 plane
418 3137 521 3190 stoicas
540 3151 601 3190 esse
621 3165 651 3174 -
672 3151 706 3188 ac
723 3137 839 3205 possunt
856 3135 942 3188 multa
960 3134 1059 3189 similia
1072 3135 1162 3189 afferri
1174 3165 1204 3174 -
1218 3138 1328 3190 nonest

198 3221 270 3290 quod
281 3239 414 3276 moneam.
443 3223 482 3276 Ut
499 3223 569 3275 haec
581 3225 695 3276 naturae
710 3221 884 3275 confirmetur
898 3223 980 3290 atque
999 3222 1190 3291 comprobatur
1209 3220 1325 3275 auctori·

196 3312 248 3373 tas,
267 3307 382 3363 subtiles
400 3308 573 3378 physicorum
591 3307 755 3360 adhibentur
779 3307 907 3370 rationes,
924 3307 998 3360 velut
1017 3307 1052 3371 ll,
1066 3307 1168 3361 84-87
1187 3323 1212 3377 p.
1230 3307 1278 3360 221
1293 3307 1326 3361 P.

197 3394 300 3448 90-94
316 3411 343 3464 p.
356 3395 407 3448 224
425 3394 464 3460 P.,
482 3410 570 3463 neque
589 3393 675 3446 maius
694 3396 736 3446 est
753 3395 899 3462 peccatum
911 3408 992 3460 quam
1005 3396 1101 3446 contra
1112 3397 1225 3453 naturae
1237 3393 1326 3462 legem

197 3495 278 3548 agere
296 3497 320 3536 v.
339 3481 390 3546 ΙΙΙ,
408 3481 511 3535 21-23
528 3497 555 3549 p.
568 3480 705 3534 264-266
723 3478 754 3533 Ρ.
772 3477 848 3547 παρά
865 3477 912 3530 τόν
927 3478 972 3542 τῆς
989 3477 1120 3547 φόσεως
1137 3479 1240 3551 νόμον
1259 3480 1327 3546 (Oic.

197 3566 231 3620 de
250 3567 295 3623 off.
314 3569 335 3634 l,
357 3569 403 3622 102
423 3567 502 3636 „lege
519 3568 661 3631 naturae“,
680 3568 708 3618 et
727 3563 812 3632 alibi),
831 3565 864 3620 31
883 3581 909 3635 p.
928 3564 978 3619 276
996 3563 1026 3619 Ρ.

284 3654 373 3725 Saepe
387 3655 487 3722 eadem¹
497 3656 578 3723 atque
590 3657 688 3708 natura
701 3652 762 3706 viee
775 3651 897 3719 iungitur
909 3651 979 3704 ratio
992 3652 1036 3705 vel
1049 3652 1125 3718 deus,
1139 3653 1210 3721 quod
1224 3654 1325 3724 optime

196 3741 391 3812 comprobatur
407 3741 449 3795 his
467 3740 546 3795 locis:
565 3741 602 3804 II,
620 3740 653 3793 37
671 3756 698 3808 p.
709 3739 759 3792 223
777 3737 808 3792 Ρ.
827 3733 976 3807 ἑπομένους
992 3739 1024 3806 τῇ
1042 3736 1149 3807 φύσει,
1169 3740 1219 3793 110
1237 3757 1263 3808 p.
1276 3741 1326 3794 296

197 3829 230 3882 Ρ.
249 3825 263 3879 ὅ
281 3823 412 3898 ἑπόμενος
433 3827 471 3898 τῷ
492 3825 585 3896 λόγῳ,
605 3825 639 3879 36
656 3841 682 3894 p.
703 3824 751 3877 189
769 3822 800 3878 P.
819 3820 887 3876 ἕπου
904 3823 941 3894 τῷ
958 3824 1034 3894 θεῷ.
1062 3822 1170 3878 Stoicae
1193 3825 1243 3878 has
1265 3839 1326 3878 esse

197 3912 327 3967 formulas
345 3915 439 3965 notum
458 3915 601 3980 astatque
619 3909 780 3979 etiamipse
799 3907 904 3962 Seneca
925 3913 1018 3962 monet
1042 3908 1122 3963 modo
1145 3913 1176 3962 ut
1193 3914 1326 3974 naturam,

197 3998 279 4052 modo
296 4001 327 4051 ut
343 3999 486 4063 rationem,
505 3996 585 4050 modo
604 3999 634 4049 ut
652 3995 732 4048 deum
752 4010 904 4062 sequamur.
933 3993 1098 4048 Conferendi
1116 3995 1199 4048 etiam
1217 3998 1281 4048 sunt
1298 3995 1326 4048 hi

196 4084 346 4140 Clementis
364 4084 431 4140 loci:
449 4084 485 4150 II,
505 4084 537 4136 29
555 4099 582 4152 p.
598 4081 647 4134 184
665 4081 699 4134 P.
719 4075 828 4148 άρόσκει
844 4080 881 4151 τῷ
898 4078 968 4150 λόγῳ
986 4081 1023 4151 τῷ
1041 4075 1119 4150 ὀρθῷ
1136 4077 1179 4147 89,
1191 4097 1217 4150 p.
1231 4081 1282 4135 223
1293 4080 1325 4138 Ρ.

197 4171 231 4224 de
250 4171 303 4224 deo
321 4170 357 4235 II,
375 4173 399 4224 5.
420 4173 460 4225 17.
481 4170 519 4223 18.
537 4185 563 4239 p.
585 4169 633 4220 166
652 4168 684 4221 Ρ.
712 4165 765 4233 Qui
782 4166 888 4235 spernit
905 4165 978 4234 quod
1002 4165 1068 4218 deus
1086 4164 1131 4220 vel
1153 4167 1223 4220 ratio
1241 4167 1326 4234 iubet,

196 4257 300 4327 passim
319 4254 401 4314 ἄθεος
417 4255 461 4311 vel
480 4253 575 4324 ἄλογος
592 4252 755 4306 nominatur.

1138 4337 1171 4390 1*
