3218 4896
737 260 949 322 ..56-

365 445 522 513 Plutarchi
544 449 694 532 γαμηλίοις
716 448 930 534 παραγγέλμασι
946 446 1119 512 Stoicorum
1138 444 1315 511 doctrinam
1333 466 1407 510 con-

278 549 370 613 tineri
399 548 493 616 docet
520 573 590 618 cum
618 554 796 639 universum
826 558 1044 634 argumentum
1054 550 1076 628 ¹)
1105 555 1170 613 turn
1204 550 1275 632 ipsa
1307 548 1409 614 forme

279 651 517 718 similitudinum
556 654 628 720 huic
664 655 862 739 potissimum
901 653 1028 720 scholae
1066 651 1223 716 adamata.
1269 649 1311 716 Et
1339 651 1407 734 ipse

279 753 359 818 Plut.
388 755 420 818 in
449 756 644 840 praefatione
671 757 830 839 significat
855 778 890 823 se
917 754 1105 839 compilasse
1139 753 1271 818 aliorum
1305 752 1407 836 philo-

278 856 449 940 sophorum
473 856 513 924 de
536 856 648 924 eodem
673 863 857 942 argumento
880 858 987 924 libros.
1025 855 1110 921 luter
1133 875 1187 920 eos
1210 874 1272 920 non
1296 853 1406 919 dubito

279 959 353 1041 quin
371 958 506 1026 Musonii
522 961 607 1046 Λόγοι
622 962 758 1046 fuerint,
782 961 866 1038 Quos
881 960 966 1026 haud
981 961 1047 1026 scio
1064 978 1104 1023 an
1121 958 1269 1041 respiciat
1283 955 1406 1021 dicens:

278 1053 436 1149 φιλοσοφία
455 1065 485 1128 δέ
507 1069 625 1130 πολλῶν
647 1068 741 1149 λόγων
764 1066 812 1128 καί
834 1066 932 1128 καλῶν
956 1065 1075 1127 ἐνόντων
1092 1062 1204 1130 οὐδενὸς
1220 1063 1305 1145 ἠττον
1329 1049 1407 1133 ἄξιος

278 1168 403 1252 σπουδῆς
431 1171 446 1233 ὁ
474 1174 615 1258 γαμήλιός
641 1173 714 1236 ἐστιν
742 1172 833 1247 αὐτος,
862 1169 886 1256 ᾧ
914 1171 1075 1253 κατᾴδουσα
1103 1166 1168 1236 τούς
1197 1166 1240 1229 ε’πί
1263 1166 1322 1249 βίου
1349 1188 1406 1228 κοι-

277 1275 363 1356 νιυνίᾳ
390 1277 429 1356 (v.
453 1296 484 1360 p.
509 1279 560 1360 31,
587 1277 704 1342 Plena
727 1276 888 1359 συμβίωσιν,
913 1276 955 1338 24
976 1275 1015 1339 cf.
1032 1272 1077 1338 (ΙΙ.
1097 1272 1211 1338 strom.
1236 1270 1272 1354 ll,
1290 1274 1352 1334 142
1375 1292 1405 1355 p.

278 1378 356 1460 505)
386 1383 528 1450 συνιόντας
556 1383 595 1450 είς
622 1381 707 1444 ταύτό
730 1382 836 1469 πρᾴους
862 1403 893 1443 τε
920 1380 1036 1465 παρέχει
1059 1377 1105 1438 καί
1127 1377 1287 1462 χειροήθεις
1310 1376 1405 1458 ἀλλή-

277 1481 347 1551 λοις.
394 1481 503 1566 Neque
530 1483 623 1567 igitur
649 1488 762 1551 mirum
792 1493 841 1551 est
867 1485 987 1567 aliquot
1013 1480 1190 1546 Plutarchei
1213 1479 1310 1544 libelli
1334 1500 1405 1546 sen-

278 1586 394 1652 tentias
417 1585 588 1652 admodum
613 1607 684 1652 cum
709 1587 882 1654 Clementis
898 1584 1087 1666 Paedegogo
1104 1584 1293 1648 consentire:
1319 1581 1406 1659 Quae

278 1689 309 1752 in
333 1689 403 1772 ipsa
425 1688 620 1772 praefatione
643 1689 723 1755 Plut.
747 1689 879 1775 profert:
904 1688 933 1749 ἐν
957 1685 1083 1774 μὲνγὰρ
1106 1693 1164 1755 τοῖς
1187 1693 1329 1768 μουσικοῖς
1356 1687 1406 1748 ἕνα

276 1797 333 1854 τίον
368 1791 528 1874 αὐλητικῶν
562 1795 656 1875 νόμων
691 1793 842 1881 ίππόδορον
879 1792 1001 1854 ἐκάλουν
1036 1792 1124 1874 μέλος
1161 1813 1185 1853 τι
1222 1799 1280 1862 τοῖς
1315 1793 1406 1862 ίπποις

277 1899 370 1985 ὁρμῆς
393 1897 574 1983 ἐπεγερτικόν,
604 1897 645 1968 ὡς
673 1899 769 1974 ἔοικεν,
799 1899 940 1962 ἐνδιδόντα
966 1899 1027 1985 περί
1049 1899 1102 1967 τὰς
1125 1899 1229 1984 ὀχείας
1254 1898 1407 1962 translata

278 2021 349 2067 csse
377 2022 416 2066 ex
443 2000 580 2067 Musunii
608 2002 687 2068 libro
718 2003 889 2068 Clementis
916 2020 1071 2067 consensu
1106 2002 1257 2085 probatur
1285 1999 1336 2084 (ΙΙ,
1363 2002 1404 2063 41

277 2125 308 2188 p.
334 2103 423 2188 192):
446 2111 508 2173 ταῖς
530 2103 561 2166 δέ
581 2105 672 2174 ίπποις
695 2109 871 2189 μιγνυμέναις
898 2108 953 2168 οἷον
982 2104 1112 2187 ὑμέναιος
1139 2105 1298 2168 ἐπαυλεῖται
1320 2109 1407 2186 νόμος

278 2207 430 2291 αὐλῳδίας.
460 2209 612 2296 ἱππόθορον
627 2217 724 2273 τοῦτον
739 2212 912 2295 κεκλήκασιν
937 2211 961 2271 οἱ
984 2211 1118 2294 μουσικοί.
1155 2209 1253 2287 Quem
1270 2207 1405 2274 eundem

278 2308 414 2376 Musonii
441 2311 546 2378 locum
574 2313 654 2380 Plut.
679 2314 815 2382 adscivit
840 2315 873 2379 in
902 2313 1010 2399 Symp.
1034 2335 1064 2398 p.
1089 2315 1152 2377 704
1174 2299 1239 2394 ΕΙ).
1284 2310 1406 2376 Eadem

277 2413 359 2478 ratio
381 2413 549 2480 intercedit
571 2417 653 2482 inter
675 2416 759 2482 Plut.
783 2421 824 2482 42
847 2419 954 2480 τούτων
977 2417 1008 2480 δὲ
1031 2424 1144 2480 πάντων
1168 2417 1319 2503 ἱερώτατός
1334 2415 1407 2477 ἐστιν

278 2518 292 2578 ό
314 2518 455 2601 γαμήλιος
481 2522 585 2604 σπόρος
612 2519 659 2581 καί
687 2523 787 2608 ἄροτος
815 2523 859 2584 ἐπί
887 2524 993 2585 παίδων
1016 2524 1149 2584 τεκνώσει
1173 2571 1179 2583 .
1205 2569 1212 2582 .
1239 2569 1246 2582 .
1272 2558 1279 2570 ·
1303 2521 1343 2582 διὸ
1367 2521 1408 2582 δεῖ

277 2623 402 2703 μάλιστα
423 2624 513 2708 τούτιρ
537 2625 664 2711 γρήσδαι
687 2625 749 2708 μετ’
773 2627 924 2711 εὐλαβείας
946 2630 994 2691 τόν
1010 2629 1098 2714 ἄνδρα
1113 2627 1160 2688 καί
1174 2626 1227 2709 τὴν
1242 2633 1378 2709 γυναῖκα·
1398 2674 1404 2686 .

277 2726 318 2811 μὴ
342 2729 515 2814 σπείροντας,
540 2719 573 2802 ἐξ
596 2730 637 2792 ὠν
660 2729 740 2793 οὐδέν
762 2731 857 2802 αὐτοῖς
882 2734 1005 2819 ρύεσδαι
1026 2732 1160 2795 θέλουσιν
1175 2731 1239 2792 κτλ.
1261 2738 1293 2795 ct
1308 2728 1405 2795 Olem.

277 2830 389 2896 Strom.
414 2831 450 2914 ΙΙ,
475 2835 535 2896 137
557 2854 588 2918 p.
613 2835 686 2916 502,
716 2835 809 2902 Paed.
834 2837 871 2919 ll,
895 2839 937 2901 90
960 2858 989 2921 p.
1013 2839 1076 2900 224
1093 2836 1150 2923 χρὴ
1172 2836 1276 2903 παντός
1293 2833 1406 2916 μᾶλλον

275 2935 367 3019 τούτιρ
390 2942 439 2998 τοῦ
462 2939 597 3019 σώματος
619 2935 660 3022 τῷ
683 2941 759 3025 μέρει
782 2940 909 3026 χρῆσθαι
932 2942 1004 3022 μετοί
1034 2943 1138 3018 αἰδοῦς,
1168 2943 1207 3005 91
1237 2941 1277 3024 μὴ
1301 2946 1405 3025 σπεῖρε,

277 3041 308 3102 οὐ
343 3039 384 3123 μὴ
419 3039 531 3123 βούλοιο
565 3045 599 3104 ἄν
634 3065 675 3106 σοι
711 3045 833 3130 γούεσδαι
872 3047 903 3108 τό
943 3047 1048 3132 σπαρέν
1077 3044 1180 3130 (Plato
1209 3064 1239 3129 p.
1264 3045 1326 3107 839
1350 3043 1405 3122 A).

276 3140 414 3227 Uterque
441 3150 532 3230 turpe
560 3146 636 3213 dicit
664 3149 813 3232 amplecti
841 3153 875 3214 et
901 3149 1037 3215 osculari
1065 3167 1195 3213 uxorem
1217 3147 1250 3211 in
1274 3146 1405 3210 aliorum

276 3247 457 3328 praesentia
485 3246 545 3330 (Pl.
572 3250 611 3311 13
635 3248 681 3314 ol.
705 3248 757 3332 111,
780 3252 822 3314 84
844 3272 876 3336 ρ.
900 3251 988 3335 303),
1022 3252 1129 3317 omnia
1164 3250 1251 3314 iubet
1284 3248 1339 3311 viri
1375 3257 1407 3312 et

277 3347 415 3414 mulieris
449 3352 630 3414 communie
658 3371 728 3417 esse
756 3352 818 3434 (Pl.
847 3355 889 3417 20
917 3353 995 3418 Mus.
1027 3351 1110 3437 apud
1141 3351 1226 3417 Stob.
1256 3349 1307 3432 ΙΙΙ,
1335 3349 1406 3431 26);

363 3552 382 3620 ¹)
400 3552 539 3606 Persaeus
565 3553 676 3624 scripsit
702 3553 765 3624 περὶ
795 3555 892 3625 γόμου,
923 3556 1072 3611 Cleanthes
1098 3555 1162 3625 περὶ
1187 3553 1327 3624 duceudos,
1355 3569 1406 3606 uec

275 3635 356 3704 pauci
372 3636 461 3692 Stoici
474 3630 627 3706 Ἐρωτικοός
645 3643 673 3692 et
691 3639 825 3706 Πολιτείας
837 3642 1042 3695 conscribentes
1057 3643 1139 3694 etiam
1152 3642 1204 3696 hoc
1219 3641 1405 3712 argumentum

275 3721 441 3776 tractabant.
481 3721 516 3776 cf.
535 3739 561 3790 p.
580 3723 613 3776 32
632 3725 661 3775 et
679 3721 741 3777 Sen.
760 3741 802 3792 ep.
821 3725 861 3790 94,
881 3727 896 3779 3
915 3742 955 3795 sq.
976 3727 1033 3791 104,
1052 3727 1068 3782 5
1087 3727 1120 3780 B.
1139 3725 1174 3791 V,
1187 3727 1226 3790 17,
1245 3729 1262 3778 4
1280 3725 1322 3777 De
1340 3740 1406 3777 rem.

274 3805 335 3860 fort.
355 3807 395 3871 16,
417 3808 491 3862 1-9.

360 3891 381 3960 ²)
401 3891 530 3958 Quamvis
552 3892 685 3962 speciose,
708 3897 812 3947 temere
839 3899 930 3948 tamen
956 3893 1044 3949 Cobet
1071 3895 1189 3952 coniecit
1215 3895 1288 3964 apud
1320 3895 1405 3950 Clam.

274 3976 420 4046 legendum
439 3992 499 4031 esse
517 3976 681 4032 ὖιιαυίεϊται.
712 3979 893 4035 Consentiunt
911 3981 982 4034 enim
1000 3981 1029 4034 in
1048 3981 1132 4035 verbo
1144 3980 1273 4033 ἐπαυλεῖν
1290 3986 1405 4049 uterque

273 4062 417 4116 Plutarchi
435 4062 512 4116 locus
530 4070 559 4116 et
576 4065 630 4116 duo
648 4063 779 4118 simillimi
796 4065 849 4118 loci
869 4066 979 4119 Aeliani
997 4066 1033 4119 H.
1051 4081 1094 4118 an.
1117 4067 1183 4130 XV,
1200 4069 1233 4120 25
1253 4070 1281 4119 et
1296 4067 1362 4132 XII,
1372 4069 1405 4120 44

275 4147 416 4210 (Doehner
434 4151 541 4216 quaest.
559 4148 634 4202 Plut.
653 4147 768 4216 ΙΙΙ,4Ι).
926 4150 929 4158 “
