3218 4896
640 251 987 312 ..47-.

770 437 803 500 ἐκ
825 443 874 499 τοῦ
898 437 1049 518 ἀναγκαίου
1070 437 1118 498 καί
1139 442 1188 499 τοῦ
1210 436 1310 523 χρησί-

771 565 825 626 μου
848 543 862 605 ὁ
885 542 945 624 βίος
959 543 1123 625 συνέστηκε,
1146 543 1185 605 19
1200 560 1230 625 p.
1249 541 1309 603 177

772 647 910 732 βοήθημα
931 649 1098 734 προςρὲριυν
1124 665 1168 712 sc.
1191 643 1309 723 vinum,

680 813 684 820 .
770 753 813 816 30
834 771 864 835 p.
890 752 960 815 184.

267 861 361 949 Apud
390 870 555 947 utrumque
587 864 697 930 similis
732 864 892 928 inuenitur
924 862 1002 927 ebrii
1035 858 1311 944 descriptioque

180 967 297 1050 egregii
321 965 456 1050 Lyconis
478 965 563 1050 apud
579 965 729 1031 Rutilium
745 965 913 1047 fragmenti
937 962 1154 1028 admonemur.

180 1066 257 1135 Tum
281 1069 428 1135 Iustinus:
453 1072 468 1133 ὁ
493 1071 546 1157 γὰρ
569 1070 718 1133 οἰνοποτῦνν
771 1071 813 1132 29
825 1089 855 1154 p.
870 1069 932 1130 184
948 1070 1060 1154 ἀρέσκει
1073 1069 1162 1130 τοίνυν
1177 1073 1217 1150 tq*
1231 1065 1309 1148 λόγῳ

180 1175 244 1238 θέον
276 1179 325 1236 τοῦ
360 1173 425 1256 μέν·
444 1181 583 1260 χειμῶνος
615 1176 660 1238 ῦιοί
686 1175 718 1238 τῦ
771 1168 813 1258 τῷ
846 1172 926 1259 ὀρθῷ
957 1179 1095 1258 χειμῶνος
1129 1171 1179 1256 μὲν
1206 1171 1250 1233 tul
1277 1170 1309 1231 τῦ

179 1281 263 1366 κρῦοε
284 1281 367 1342 πίνειν
390 1281 472 1367 μέχρι
493 1287 542 1343 τοῦ
561 1279 602 1364 μὴ
618 1283 718 1366 ῥιγοῦν,
771 1278 856 1365 κρῦοι·Ι
877 1279 960 1340 πίνειν
982 1279 1064 1365 μέχρι
1082 1284 1132 1340 τοῦ
1155 1276 1196 1361 μὴ
1219 1279 1309 1362 ῥίγοῦν

179 1392 228 1447 τοῦ
244 1383 275 1447 θὲ
297 1385 400 1472 θέρους
421 1386 466 1447 dccl
488 1385 540 1469 rip
561 1391 619 1447 τῶν
641 1385 720 1455 ἐντὸς
772 1433 779 1446 .
805 1433 812 1446 .
837 1432 844 1446 .
869 1432 876 1446 .
900 1389 949 1446 τοῦ
976 1382 1006 1446 ῦὲ
1033 1384 1125 1445 ἄλλου
1147 1389 1243 1471 καιροῦ
1265 1383 1309 1445 διὰ
1386 1465 1389 1470 Ι

180 1489 332 1577 θεραπείαν
365 1492 590 1578 παραχρώμενος
614 1487 719 1577 θάῦτιρ
771 1488 824 1573 rip
856 1495 913 1553 τῶν
945 1488 1118 1561 ε’ντοστιθίονν
1146 1489 1308 1575 θεραπείαν,

178 1595 305 1681 ληραίνει
327 1594 373 1658 καί
392 1595 472 1679 δίκην
488 1601 563 1660 συῶν
585 1596 606 1679 ἡ
628 1601 718 1660 κυνιῦν
772 1595 811 1656 11
836 1614 865 1679 p.
893 1596 952 1657 171
981 1593 1039 1656 ὑσίν
1066 1595 1086 1678 ἡ
1113 1594 1191 1657 κυσίν
1224 1593 1309 1676 ὡμοι-

181 1700 298 1784 ρεῦματι
319 1698 373 1783 τῆς
394 1701 549 1788 θεραπείας
571 1699 718 1791 ὑπερζέων
770 1699 906 1780 (υμένουε,
922 1699 964 1764 20
980 1697 1222 1782 ἀναζέοντοε(εἰυ
1238 1699 1309 1781 lego

180 1807 345 1889 ἀσχημονεῖ.
381 1804 438 1893 χρὴ
465 1805 497 1870 δὲ
524 1806 566 1890 μὴ
587 1808 718 1895 καθάπερ
769 1822 827 1888 pro
850 1803 1034 1885 ἀναζέοντες)
1058 1805 1140 1866 οἴνου.
1165 1805 1229 1886 ap.
1248 1803 1310 1865 169

179 1912 408 1993 ἀσυτευομένους
422 1911 501 1995 ἡμᾶς
515 1914 719 2001 παραχρῆσθαι
770 1907 803 1971 οῦ
825 1908 882 1996 χρὴ
904 1907 952 1972 οῦν
974 1910 1104 1996 καθάπερ
1131 1906 1309 1988 ἀσωτευομέ.

178 2021 236 2084 τοῖς
256 2021 306 2078 τοῦ
328 2017 398 2078 θεοῦ
419 2020 553 2103 ποιήμασι
576 2066 583 2081 .
609 2054 616 2070 ·
640 2019 719 2082 οίλλοὶ
770 2035 835 2082 too<
857 2015 936 2097 ἡμᾶς
957 2013 1160 2103 παραχρῆσθαι
1180 2019 1238 2081 τοῖς
1260 2016 1310 2073 τοῦ

179 2119 406 2204 μεταλαμβάνειν
439 2127 524 2186 ποτοῦ
556 2129 637 2211 χάριν
669 2131 719 2188 τοῦ
770 2118 876 2205 πατρὸς
896 2119 1045 2207 δωρήμασι
1073 2170 1079 2183 .
1105 2169 1112 2183 .
1138 2166 1156 2195 .,
1184 2117 1310 2205 χρῆσθαι

181 2224 223 2309 μὴ
245 2225 336 2310 διψᾶν.
770 2221 801 2286 ῦὲ
829 2223 931 2300 αὐτοῖς,
959 2225 997 2290 of.
1023 2227 1083 2289 125
1110 2245 1140 2310 p.
1167 2224 1242 2304 246,
1267 2223 1309 2286 29

771 2326 848 2415 uterq*
871 2330 914 2393 ἐπὶ
936 2329 967 2392 τὸ
990 2329 1031 2413 μὴ
1054 2329 1137 2414 διψῆν
1159 2330 1310 2416 χρηστέον,

181 2451 208 2496 c.
235 2431 273 2494 13
307 2433 491 2526 παραιτητέον
524 2429 555 2494 ῦὲ
588 2433 635 2496 καί
667 2434 719 2518 rip
773 2434 814 2498 10
836 2435 876 2498 ort
899 2435 1086 2523 παραιτητέον
1108 2434 1160 2519 rip
1186 2435 1311 2520 λιχνείαν

180 2535 304 2622 λιχνείαν
338 2537 439 2621 ὀλίγων
472 2542 553 2600 τινῶν
586 2539 633 2601 καί
663 2545 720 2604 τιῦν
773 2539 875 2623 ὀλίγων
896 2545 978 2604 τινιῦν
1000 2541 1047 2603 καὶ
1068 2546 1125 2604 τιῦν
1152 2539 1310 2624 ἀναγκαίων

181 2642 340 2725 ἀναγκαίων
362 2642 627 2726 μεταλαμβάνοντα.
772 2645 1053 2729 μεταλαμβάνοντας.

180 2753 298 2833 τροφαῖς
320 2749 376 2836 ἄρα
397 2749 538 2837 χρηστέον
560 2747 603 2812 ἐπὶ
624 2749 656 2811 τὸ
678 2747 719 2834 μὴ
771 2749 813 2812 29
835 2757 953 2838 τροφαῖς
974 2749 1018 2815 ἐπὶ
1039 2751 1071 2814 τὸ
1094 2749 1135 2834 μὴ
1150 2745 1265 2832 πεινῆν.
1280 2795 1309 2810 ..

180 2861 282 2914 πεινᾶν.
771 2857 912 2941 χρηστέον
935 2855 974 2922 cf.
998 2857 1038 2919 15
1061 2875 1093 2940 p.
1118 2855 1188 2917 173.

266 2954 354 3021 Haec
375 2956 471 3036 igitur
493 2956 601 3022 omnia
622 2976 722 3043 prope
746 2960 841 3026 verbo
857 2966 951 3027 tenus
967 2958 1176 3025 consentiunt.
1194 2951 1312 3020 Verum

184 3057 279 3123 etiarn
302 3056 385 3124 uliae
408 3057 584 3124 sententiae
607 3059 818 3127 conferendae
841 3070 921 3128 eunt
967 3059 1106 3145 Uterque
1129 3057 1206 3124 dicit
1218 3057 1311 3122 malis

133 3198 135 3203 ·
181 3159 335 3245 exemplis
357 3179 415 3226 noe
442 3161 564 3226 moneri
591 3161 716 3246 debere,
744 3185 785 3230 ne
812 3166 845 3230 in
879 3163 992 3230 eudem
1025 3163 1102 3230 vitia
1132 3161 1310 3228 incidamus

181 3262 287 3347 (epist.
310 3281 337 3327 o.
363 3263 380 3324 1
405 3259 509 3330 (llam.
526 3260 578 3345 111,
601 3265 642 3330 43
665 3285 696 3350 p.
719 3266 808 3351 279),
831 3287 891 3333 που
913 3267 1091 3333 hilariorem
1113 3284 1178 3334 ‚nec
1205 3283 1310 3330 moro-

181 3365 297 3430 siorem
322 3365 522 3452 (crotperti)
544 3365 664 3432 vultum
687 3367 874 3434 sumendum
904 3389 975 3436 esee
1002 3370 1046 3451 (o.
1076 3371 1103 3432 7.
1139 3367 1238 3434 Glem.
1272 3365 1310 3447 ll,

181 3469 223 3530 47
246 3488 277 3552 p.
303 3469 389 3556 196),
413 3468 574 3535 vitandam
597 3489 666 3537 esse
689 3467 923 3555 loquacitatem,
945 3470 1073 3538 modum
1089 3468 1261 3536 tenendum
1277 3469 1310 3533 in

182 3568 317 3636 dicendo
334 3557 423 3654 (cst.
444 3575 462 3634 7
477 3569 575 3637 Glem.
591 3569 629 3655 11,
644 3569 686 3636 58
702 3592 732 3658 p.
749 3573 836 3658 203).
881 3571 1019 3658 Uterque
1034 3573 1125 3640 reicit
1139 3573 1308 3658 pretiosam

180 3672 409 3758 'supellectilem
433 3673 474 3756 (c.
498 3672 543 3759 5),
565 3674 733 3740 mulierum
756 3683 900 3742 ornatum
923 3676 1088 3763 impugnat
1116 3676 1156 3760 (c.
1185 3676 1215 3758 8,
1245 3674 1309 3757 15),

181 3779 293 3842 contra
315 3777 549 3863 simplieitatem
572 3783 667 3860 atque
689 3776 852 3866 αὐτουργίαν
874 3779 985 3846 laudat
1007 3780 1047 3863 (c.
1072 3782 1122 3845 14.
1148 3781 1185 3844 17
1209 3777 1308 3844 Clem.

180 3875 232 3958 ΙΙΙ,
255 3879 297 3941 49
320 3897 365 3962 eq.
389 3900 419 3964 p.
443 3881 506 3944 283
529 3887 561 3944 et
583 3883 732 3965 saepius),
756 3890 955 3964 aegrotorum
979 3901 1085 3948 curam
1108 3879 1310 3948 commendat

182 3981 226 4060 (c.
252 3981 291 4042 17
314 3980 413 4047 Glem.
436 3980 488 4064 III,
510 3984 553 4045 52
576 4003 608 4068 p.
632 3984 721 4066 284).

266 4081 342 4150 Tres
364 4105 435 4150 eese
456 4085 596 4152 rationes
617 4090 718 4172 patet,
742 4085 854 4170 quibus
882 4085 1030 4153 notabilis
1056 4085 1108 4151 hic
1136 4103 1308 4152 concensus

181 4185 332 4271 explicari
365 4188 476 4271 poscit.
520 4186 591 4254 Una
616 4189 807 4257 incensum
840 4209 905 4255 non
938 4190 1035 4256 venit.
1079 4185 1188 4275 Neque
1222 4188 1308 4256 enim
