3218 4896
755 281 964 346 ...38-

256 529 258 534 .
299 467 396 534 Recto
427 468 513 534 enim
546 467 586 534 de
614 468 757 536 Musonio
784 466 904 536 iudicat
933 466 1072 532 Zellsms
1099 465 1120 532 l.
1145 485 1172 530 o.
1200 485 1231 550 p.
1256 466 1334 528 735:
1370 462 1426 544 ,lu

299 569 463 638 einzelnen
485 569 632 638 Punkten
655 569 783 638 werden
806 569 894 636 disse
910 567 1110 634 Grundsetze
1125 567 1327 651 uberspunm,
1345 565 1425 632 Mne.

299 671 373 754 geht
405 673 482 738 iiber
515 672 568 739 die
599 673 741 740 Grenzsn
776 673 832 738 des
862 671 1046 738 Stoicismus
1080 670 1193 738 hinans
1222 668 1286 736 und
1314 667 1428 736 utheri

301 773 368 840 sich
395 774 488 844 theils
516 773 573 840 der
600 774 772 860 cyniscbsn
798 773 1008 856 Einfeuhhoit,
1034 772 1127 840 theiis
1155 771 1236 838 auch
1263 770 1320 836 der
1349 790 1426 838 neu-

297 875 585 962 pythsgoreischeu
607 876 758 944 Asoese“.
792 874 965 940 Plurimum
989 874 1116 958 quidem
1139 872 1224 958 apud
1246 893 1318 940 eum
1342 871 1427 938 valet

298 979 507 1062 Antisthenis,
529 978 690 1062 Diogenis,
714 977 850 1046 Cratetis
873 978 1053 1059 auotoritas,
1077 977 1172 1044 etiam
1188 976 1304 1042 Telstis
1320 974 1427 1042 decla-

300 1083 456 1148 motiones
479 1082 575 1149 uouit.
592 1080 782 1167 Cynicorum
797 1083 880 1150 vitae
903 1100 1002 1164 genus
1025 1100 1098 1148 eum
1120 1079 1336 1165 amplexatum
1355 1097 1426 1144 esse

298 1183 373 1249 inde
401 1183 565 1265 concludo,
594 1183 678 1267 quod
704 1203 826 1252 comam
858 1189 889 1251 et
916 1183 1046 1249 barbam
1080 1182 1123 1246 oli
1156 1182 1252 1263 iubet,
1286 1181 1425 1248 tuniosm
1483 1187 1486 1194 '

298 1285 398 1368 reicit,
420 1305 551 1371 specum
573 1285 769 1352 domicilium
791 1285 911 1351 homiui
933 1284 973 1350 ab
995 1285 1067 1368 ipsa
1092 1291 1205 1350 natura
1233 1282 1426 1349 destinatum

299 1406 370 1455 esse
397 1384 474 1452 dicit
500 1387 601 1471 (Stob.
628 1386 694 1452 flor.
718 1385 732 1452 Ι
757 1407 788 1472 p.
812 1387 853 1450 38
876 1385 947 1468 Μ.),
981 1387 1050 1471 ipse
1085 1405 1208 1470 quoque
1236 1384 1426 1470 Cynicorum

299 1507 387 1554 mors
410 1487 566 1572 modoque
589 1493 699 1554 conus
720 1489 803 1554 viros
825 1487 978 1568 levigatos
1002 1486 1161 1552 declamat
1183 1485 1268 1572 apud
1291 1485 1377 1552 Stob.
1401 1485 1424 1568 Ι,

298 1610 330 1675 p.
356 1591 426 1657 157.
465 1589 498 1655 Si
521 1588 621 1655 addas
644 1609 717 1655 eum
740 1588 855 1655 diserte
872 1588 1024 1674 Cynicum
1048 1587 1203 1654 nominari
1226 1587 1266 1652 ab
1282 1586 1435 1672 Eunapic..

298 1691 319 1758 l.
343 1711 370 1758 c.
393 1712 425 1777 p.
449 1694 500 1775 35,
523 1712 564 1758 no
585 1690 665 1757 illud
687 1690 812 1776 quidem
836 1693 901 1757 veri
924 1690 1075 1758 dissimile
1095 1690 1248 1770 videatur,
1274 1689 1424 1776 ,Cynisi“

299 1800 470 1876 auctorem,
494 1795 634 1878 quisquis
657 1792 724 1876 luit,
747 1793 780 1858 in
803 1791 1012 1861 describendo
1027 1793 1142 1876 cynica
1156 1791 1282 1858 vivendi
1304 1792 1427 1862 ratione

300 1918 340 1964 ex
363 1895 498 1963 Musonii
520 1897 600 1963 libro
623 1894 775 1962 hausisse.
1443 1893 1445 1898 '

387 1997 530 2083 Denique
564 1998 624 2064 boc
658 1999 777 2083 optime
810 1999 965 2080 convenit,
1000 1997 1083 2082 quod
1112 1997 1283 2064 Clementis
1317 2003 1427 2066 auctor

299 2099 459 2166 Romanus
492 2099 551 2165 fuit
584 2085 645 2165 aut‘
672 2107 757 2165 certe
790 2099 910 2166 Romae
945 2101 1079 2185 scripsit.
1124 2098 1160 2165 Id
1194 2099 1277 2184 quod
1311 2099 1359 2165 vsl
1386 2121 1426 2166 ex

300 2203 447 2268 universa
465 2203 691 2268 eins-ratione
718 2202 878 2284 cogitandi
905 2203 1053 2287 sequitur.
1098 2201 1204 2269 Primo
1238 2202 1365 2268 saeculo
1393 2222 1424 2287 p.

299 2303 370 2370 Chr.
399 2326 428 2369 n.
457 2303 576 2370 Romae
604 2305 741 2389 optimus
769 2306 899 2389 quisque
926 2305 985 2371 sibi
1017 2325 1080 2371 non
1108 2305 1264 2390 placebat,
1299 2303 1425 2370 fastidio

298 2426 375 2474 suae
402 2405 515 2472 aetatis
541 2405 715 2474 laborabat.
760 2405 828 2472 Hoc
854 2405 994 2472 taedium
1023 2407 1167 2473 omnibus
1194 2407 1279 2474 illius
1313 2408 1426 2474 aetatis

299 2509 503 2594 scriptoribus
527 2527 693 2576 commune
716 2515 774 2590 est,
790 2507 930 2576 Senecae
946 2510 1080 2594 utrique,
1097 2509 1300 2593 Columellas,
1317 2509 1426 2576 Pliniis

301 2618 333 2677 et
359 2611 469 2676 maiori
493 2616 526 2676 st
547 2611 670 2693 minori,
694 2609 811 2692 Tacito,
834 2609 974 2693 Lucano,
989 2609 1107 2694 Persio,
1130 2610 1309 2698 luveneli').
1344 2611 1426 2678 Hinc

299 2714 428 2778 crebrae
455 2711 529 2777 illae
556 2709 803 2777 declamationes
831 2709 1055 2778 detestantium
1083 2732 1273 2780 eonsensum
1300 2695 1424 2798 generis

299 2815 427 2880 humani
450 2813 492 2879 ad
515 2814 591 2878 ritis
612 2812 780 2896 tendentis,
804 2815 1001 2897 querentium
1017 2834 1142 2882 eversos
1157 2835 1272 2898 mores,
1294 2836 1426 2899 regnare

300 2917 483 3000 nequitiam,
506 2915 539 2980 in
562 2914 700 2982 deterius
724 2935 773 2981 res
797 2915 950 2984 humanas
973 2924 1005 2983 et
1027 2936 1120 2983 omne
1139 2916 1228 2984 nefas
1250 2918 1315 2986 labi
1339 2917 1424 3002 (Seu.

299 3016 334 3082 B.
358 3016 382 3098 Ι,
407 3017 468 3096 10).
514 3015 548 3081 ln
570 3016 630 3082 hoe
652 3023 758 3082 autem
782 3037 895 3103 campo
919 3017 1091 3109 Clementis
1115 3027 1225 3086 auctor
1247 3022 1292 3086 sic
1318 3040 1425 3088 versa-

298 3127 358 3199 tur,
381 3127 416 3184 ut
437 3138 497 3184 uec
520 3139 581 3202 qua
608 3125 712 3184 astate
739 3139 799 3184 nec
827 3140 887 3203 quo
915 3119 986 3186 loco
1014 3121 1126 3186 vixerit
1151 3123 1253 3206 possit
1279 3121 1424 3188 dubitari.

298 3220 366 3287 lam
388 3240 484 3305 supra
505 3221 626 3305 passim
648 3220 771 3288 ostendi
795 3220 907 3288 sedem
931 3228 1118 3306 argumenta
1139 3223 1252 3290 eodem
1275 3223 1369 3290 modo
1385 3224 1424 3289 ab

299 3385 503 3392 m.»—

383 3476 402 3542 ¹)
421 3491 445 3530 r.
465 3474 645 3529 Frisdldrrder
662 3474 680 3530 l.
694 3491 717 3529 s.
736 3475 787 3540 ΙΙΙ,
808 3477 852 3541 19;
871 3477 989 3541 Bender,
1007 3477 1039 3531 D.
1056 3476 1171 3546 jungere
1189 3476 1295 3530 Plinius
1313 3479 1384 3532 nach
1403 3494 1425 3534 s.

295 3558 417 3627 Brieisn,
436 3559 582 3626 Tiibingsn
597 3560 663 3615 1873
676 3577 703 3632 p.
719 3561 765 3616 13:
790 3560 854 3614 Und
873 3576 903 3614 so
915 3561 1006 3614 finden
1019 3561 1067 3616 wir
1078 3562 1124 3616 bei
1136 3561 1188 3616 den
1201 3561 1425 3628 Schriststelleru,

294 3643 418 3699 welohsn
445 3643 495 3698 das
522 3644 579 3698 elte
605 3644 676 3700 Rom
697 3644 725 3698 in
749 3643 838 3700 seiuer
860 3643 962 3699 Grdsse
986 3645 1058 3701 noch
1079 3661 1128 3700 vor
1146 3646 1248 3714 Augen
1265 3648 1357 3712 stand,
1375 3665 1426 3702 nur

297 3731 368 3783 eben
394 3730 438 3783 die
461 3729 676 3783 verschiedensn
693 3728 836 3796 Niiarroen,
859 3729 887 3783 in
905 3730 1027 3784 welchen
1049 3730 1093 3784 die
1112 3730 1358 3801 Unsuiriedenheit
1375 3734 1426 3787 mit

295 3815 344 3868 der
366 3813 532 3882 Gegenwert
555 3814 615 3868 sich
638 3814 795 3876 susdriiolrt,
824 3813 876 3868 etc.
914 3815 1080 3881 Vorhauser,
1099 3815 1151 3868 Die
1181 3817 1426 3886 religidssittlichs

296 3899 552 3968 Woltensohsuung
570 3899 619 3954 des
638 3899 725 3953 tltern
746 3897 857 3965 Plinius,
876 3899 982 3955 Innsbr.
1004 3901 1070 3956 1860
1087 3916 1113 3971 p.
1134 3905 1173 3956 17.
1192 3903 1233 3956 23.
1260 3901 1331 3958 Plin.
1344 3903 1425 3974 epist.

299 3985 352 4052 VI,
371 3985 412 4050 21,
433 3986 460 4039 l:
488 3985 571 4050 „Sum
589 4001 624 4038 err
640 3984 675 4038 iis
693 3984 740 4054 qui
757 3984 889 4039 mirantur
907 3987 1043 4055 antiquos,
1062 3991 1235 4052 nontamen,
1254 3992 1285 4041 ut
1306 3988 1426 4058 quidem,

293 4073 445 4139 temporum
462 4075 616 4126 uestrorum
636 4070 746 4138 ingenia
763 4069 894 4140 despicio.
923 4071 1021 4140 Neque
1040 4071 1112 4124 enim
1125 4072 1204 4139 qnasi
1216 4071 1290 4127 lassa
1302 4077 1331 4126 et
1343 4073 1427 4128 effeta

295 4157 392 4208 natura
410 4153 477 4208 nihil
493 4155 548 4209 ianr
566 4154 705 4210 laudabile
723 4156 820 4226 parit“.
