3218 4896
241 1179 300 1280 Ut
326 1211 401 1278 olim
429 1209 593 1276 christiani
621 1209 758 1276 artilices
786 1209 916 1276 deorum
944 1209 1136 1295 heroumque
1162 1211 1288 1292 formas,

160 1318 269 1404 quales
291 1323 357 1382 tum
381 1314 526 1381 solebant
548 1312 633 1395 fingi,
657 1313 689 1376 in
712 1333 803 1379 suum
828 1334 919 1380 usum
942 1314 989 1379 ita
1004 1313 1239 1390 convertebant,
1255 1327 1290 1378 ut

160 1421 201 1488 ad
236 1439 309 1486 suas
338 1418 445 1504 paucis
478 1416 606 1482 mutatis
634 1435 785 1500 personas
813 1417 1032 1499 transferrent,
1060 1418 1105 1482 ita
1131 1416 1290 1498 theologia

94 1543 96 1550 ’
160 1525 411 1603 christianorum,
428 1520 480 1586 ubi
496 1520 631 1606 primurn
648 1519 762 1586 laetius
778 1519 980 1587 efflorescere
1003 1521 1117 1606 coepit,
1145 1521 1289 1605 proxime

161 1648 197 1695 se
233 1625 415 1712 applicabat
452 1630 484 1689 et
520 1621 714 1704 adiungebat
750 1622 791 1688 ad
828 1623 1072 1709 philosophiam.
1118 1622 1290 1709 Praecipue

163 1729 313 1811 doctrina,
337 1747 418 1813 quae
440 1728 598 1792 insectus
614 1725 807 1794 christianae
822 1727 931 1794 schola
946 1725 1164 1792 Alexandrina
1184 1724 1289 1791 trade-

163 1833 261 1915 batur,
284 1835 316 1896 in
341 1851 461 1897 morum
485 1830 663 1914 praeceptis
687 1828 885 1914 explicandis
900 1829 966 1896 fers
981 1828 1141 1915 pendebat
1156 1849 1176 1894 a
1190 1829 1290 1894 stoica

159 1935 369 2022 philosophia,
391 1935 425 1998 in
448 1932 605 2015 dogmatis
633 1934 809 1999 accuratius
837 1932 1018 1999 excolendis
1045 1952 1115 1996 cum
1139 1931 1288 1997 hactum

160 2040 322 2126 platonica
343 2036 545 2124 philosophia
567 2036 725 2101 nitebatur
740 2034 849 2120 Neque
870 2036 930 2102 hoc
952 2034 1157 2101 fundamento
1174 2055 1289 2101 novam

160 2143 336 2210 doctrinam
374 2139 546 2226 superstmi
584 2138 757 2222 mirabitur,
796 2139 911 2224 qui-
936 2137 1019 2224 quod
1056 2137 1160 2204 adhuc
1195 2139 1289 2204 nimis

160 2247 338 2329 neglectum
372 2249 490 2311 est-
518 2244 726 2329 reputaverit,
761 2263 832 2310 cum
867 2242 942 2309 alibi
975 2247 1043 2309 tum
1076 2240 1289 2307 Alexandriae

160 2353 328 2432 magistros
370 2347 556 2414 christianos
598 2347 693 2413 simul
733 2346 965 2433 philosophiam
1008 2346 1166 2431 professos
1204 2365 1288 2412 esse:

161 2454 380 2534 Athenagoras
392 2449 519 2536 quidem
531 2450 688 2535 princeps,
701 2450 728 2515 si
739 2449 815 2516 licet
826 2448 954 2515 credere
967 2447 1111 2534 Philippo
1124 2446 1260 2530 Sidetas,
1266 2447 1290 2532 ¹)

160 2557 288 2624 scholae
313 2553 556 2635 Alexandrinae,
584 2552 726 2620 eiusdem
751 2553 931 2620 testimonio
959 2552 1054 2642 „dohp
1077 2553 1106 2615 ἐν
1130 2552 1207 2639 αὐτῷ
1228 2577 1288 2642 χρι-

160 2663 302 2731 στιανίσας
323 2660 364 2748 cp*
385 2657 525 2748 rpihcvd)
549 2658 596 2720 καὶ
617 2660 671 2742 τῆς
688 2657 908 2743 Ἀκαδημαϊκῆς
931 2659 1042 2745 σχολῆς
1065 2665 1288 2747 προιστάμενος“

159 2768 228 2852 ipse
254 2767 351 2833 libros
378 2785 451 2832 suos
477 2765 638 2849 inscripsit
664 2763 843 2848 ,Athenaidis
866 2765 1024 2852 φιλοσόφου
1047 2772 1227 2853 χριστῑανοῦί*
1259 2774 1291 2832 et

159 2873 298 2955 integros
332 2871 418 2936 locos
453 2868 627 2955 depromsit
659 2869 829 2952 aStoicis,
862 2871 1033 2955 praecipue
1065 2872 1097 2936 in
1133 2891 1170 2936 co
1197 2871 1288 2955 libro,

161 2995 252 3060 quem
276 2974 455 3059 composuit
470 2972 510 3038 de
526 2973 757 3039 resurrectione
772 2980 964 3039 mortuorum
989 2972 1031 3056 (v.
1048 2972 1150 3041 Ritbcr
1173 2973 1288 3040 Gesch.

161 3078 190 3143 d.
208 3077 286 3144 Phil.
301 3078 339 3160 V,
354 3078 417 3143 308
434 3076 502 3160 ss).
539 3075 733 3142 Pantaenum
750 3097 873 3162 quoque
889 3077 1099 3144 clarissimum
1115 3075 1289 3144 Clementis

159 3181 367 3249 Alexandrini
390 3181 576 3263 magistrum
599 3180 730 3246 stoicam
758 3179 988 3266 philosophiam
1016 3181 1191 3266 professum
1219 3201 1289 3248 esse

161 3286 267 3351 multis
279 3284 468 3351 testimoniis
480 3289 603 3348 constat
615 3282 656 3365 (v.
670 3281 743 3349 Eus.
757 3283 827 3349 hist.
842 3283 963 3365 eccl.V,
976 3286 1025 3366 13,
1039 3281 1199 3366 Originem
1211 3283 1288 3350 ibid.

163 3387 213 3472 Vl,
238 3390 287 3472 19,
310 3387 437 3453 Hieron.
463 3385 554 3452 catal.
580 3405 607 3451 c.
630 3387 672 3450 36
696 3385 874 3472 Philippum
899 3386 1039 3453 Sidetam
1062 3387 1082 3453 l.
1106 3385 1154 3472 1.).
1189 3387 1288 3455 Huius

161 3511 375 3559 successorem
389 3488 583 3556 Clementem
597 3496 632 3554 ut
642 3491 901 3576 praetermittam,
914 3490 955 3557 ad
968 3489 1137 3574 Origeuem
1151 3497 1288 3574 transeo,

161 3615 254 3679 quem
283 3593 409 3679 quidem
436 3593 561 3679 penitus
588 3592 788 3680 philosophia
813 3593 968 3661 imbutum
992 3595 1089 3661 fuisse
1111 3601 1144 3660 et
1166 3615 1288 3661 summo

248 3868 267 3936 ¹)
286 3867 353 3922 Eius
372 3866 466 3935 fragm.
485 3865 527 3922 ed.
546 3864 670 3920 Dodwell
688 3865 752 3921 diss.
772 3866 799 3918 in
817 3867 961 3922 Irenaeum
980 3866 1082 3923 Oxonii
1101 3867 1176 3933 1689,
1188 3886 1214 3938 p.
1229 3867 1287 3923 488.

246 3953 268 4018 ²)
286 3953 377 4006 Etiam
395 3952 522 4006 Justinus
541 3951 615 4018 (dial.
634 3967 657 4005 c.
676 3952 776 4021 Tryph.
794 3969 822 4021 p.
841 3953 901 4021 217)
921 3957 949 4006 et
966 3953 1026 4022 ipse
1044 3952 1229 4007 Tertullianus
1243 3952 1287 4022 (de

160 4040 244 4112 pallio
263 4055 286 4094 c.
305 4040 330 4109 6)
349 4038 433 4110 pallio
452 4037 674 4110 philosophorum
693 4040 815 4104 utuntur3
840 4037 873 4092 ci.
893 4038 978 4103 Diels,
992 4038 1167 4109 Doxographi
1184 4054 1210 4108 p.
1228 4038 1289 4106 254,

159 4143 185 4182 v.
204 4127 286 4180 etiam
304 4142 331 4194 p.
349 4125 408 4180 259.
436 4125 558 4194 Bernays
578 4125 606 4177 in
628 4122 732 4186 libello,
759 4123 806 4191 qui
832 4123 988 4176 inscribitur
1013 4123 1138 4188 „Lucian
1164 4124 1220 4178 und
1244 4124 1288 4180 die

160 4211 300 4283 Kynikcr“
319 4227 345 4281 p.
362 4211 403 4267 37.
422 4210 464 4266 99.
1243 4198 1246 4203 ’
