3218 4896
741 307 952 369 ..14-

283 494 340 556 έστι
367 502 415 556 τοῦ
444 503 571 583 πυρετοῦ,
600 497 689 567 οὔτως
715 497 779 560 οὐδὲ
803 499 817 559 ὁ

283 599 437 685 ἐλέηχων
471 603 590 672 odorum·
612 613 654 688 τῷ
687 610 818 686 κάμνοντι

281 704 334 787 τήν
362 708 521 792 ψυχήν·οό
549 711 601 796 ηοίρ
630 710 755 792 ἐντίθησι
783 712 819 771 τὰ

282 811 531 897 πλημμελήματα,
560 817 596 877 τά
624 815 654 878 δέ
682 819 819 903 προςόντα

282 916 457 982 ἐπιδείκνυσιν
482 923 674 1009 ἁμαρτήματα
698 971 704 983 .
731 971 737 984 .
765 971 771 984 .

326 1123 422 1191 Clam.
447 1128 469 1204 Ι,
496 1130 556 1193 100
581 1130 689 1214 μ158
713 1129 747 1194 P.
770 1142 817 1218 td

282 1229 341 1311 μέν
375 1231 433 1293 οὐν
468 1234 572 1320 ἰατρῷ
607 1235 702 1298 οὐδέν
736 1238 817 1324 πρὸς

282 1334 401 1416 ὑηίειοιν
430 1339 747 1422 συμβουλεύοντι
776 1347 817 1406 ᾶ-

281 1443 423 1526 χθονται
447 1446 476 1506 oi
499 1451 700 1528 κάμνοντες,
724 1443 765 1536 ru]
787 1450 817 1512 θέ

281 1548 448 1635 παιθαηωμβ
484 1551 525 1636 uqi
562 1553 632 1638 θείῳ
670 1562 730 1624 πιῖις
768 1556 817 1617 οὐκ

281 1657 315 1716 ἂν
345 1655 572 1740 ὁμολογήσαιμεν
599 1659 651 1742 τήν
685 1662 817 1744 μεγίστην

281 1767 361 1848 χάριν
385 1762 425 1846 μή
449 1771 595 1827 σιωπῶντι.

324 1969 374 2053 ΙΙΙ,
391 1972 431 2034 39
449 1991 476 2055 μ
495 1975 556 2034 ‘277
584 1973 614 2037 Ι).
639 1978 765 2063 μέτρον
782 1975 817 2038 di

280 2076 410 2162 καθάπερ
441 2077 455 2137 ὁ
483 2075 565 2146 ποὺς
598 2088 655 2142 τοῦ
693 2081 816 2165 ὑποθή-

281 2203 401 2264 ματος,
419 2181 509 2251 οὸτως
524 2185 570 2245 καί
585 2193 646 2269 τῆς
661 2192 818 2272 κτήσεως

281 2287 426 2350 ἑκάστου
448 2289 487 2350 τὸ
511 2297 617 2373 σῶμα.
700 2289 702 2294 ’

870 503 1042 559 νοσοῦντα
1076 499 1151 560 δοκεῖ
1180 498 1311 586 ὑβρίζειν,
1341 500 1408 560 ὅταν

871 603 934 684 είπη
959 601 1056 688 αὐτῷ·
1073 605 1207 690 ἄνθρωπε
1237 653 1244 667 .
1271 654 1278 667 .
1308 607 1407 692 πυρέτ-

870 731 925 777 τεις
955 757 961 770 .
993 758 999 770 .
1031 756 1037 770 .
1069 757 1075 770 .
1108 709 1163 775 sin
1191 731 1283 794 quem
1311 710 1408 774 animi

870 814 1124 893 gravissimorum
1140 813 1319 879 morborum
1333 832 1408 879 uou-

871 918 988 996 viuoaa
1023 916 1109 986 εὐθὺς
1142 906 1273 990 ἐξελθὼν
1300 918 1376 1001 λέηει
1401 938 1407 951 ·

871 1020 965 1107 ὓβρισέ
988 1046 1032 1106 με.

912 1125 1014 1211 Epict.
1038 1127 1074 1191 fr.
1100 1129 1139 1190 17
1173 1129 1218 1212 τῷ
1252 1124 1314 1209 μὲν
1349 1125 1405 1188 οὖν

869 1232 974 1318 ἰατρῷ
997 1231 1106 1317 μηθέν
1134 1232 1408 1316 συμβουλεύοντι

871 1337 1037 1422 ἄχθονται
1065 1387 1072 1402 .
1103 1387 1109 1401 .
1140 1388 1146 1401 .
1178 1388 1184 1401 .
1209 1339 1279 1427 πρὸς
1301 1337 1332 1401 δὲ
1360 1339 1407 1400 τὸν

871 1444 1027 1530 φιλόσοφον
1050 1445 1094 1508 aa
1109 1447 1134 1506 τί
1149 1445 1200 1507 οὐκ
1215 1447 1249 1506 ἄν
1270 1463 1309 1513 τις
1333 1444 1406 1506 οὓτω

870 1549 1028 1634 διατεθείη,
1058 1551 1133 1613 ὥστε
1168 1552 1301 1635 οἰηθῆναι
1339 1555 1406 1613 ἀπε-

870 1657 996 1737 ηνῶσθαι
1024 1654 1069 1718 ὑπ’
1083 1657 1168 1719 αὐτοῦ
1202 1660 1405 1743 σωφρονήσειν,

870 1763 894 1822 εἰ
909 1759 997 1845 μηθέν
1011 1763 1089 1844 λεήοι
1104 1785 1128 1824 τι
1151 1761 1219 1849 πρὸς
1243 1763 1326 1824 αὐτὸν
1349 1769 1406 1824 των

836 1937 839 1944 ,
868 1870 1025 1956 χρησίμων.

913 1971 1004 2038 enoh.
1033 1974 1074 2035 39
1097 1974 1219 2059 μέτρον
1251 1976 1408 2056 κτήσειος

870 2079 905 2140 τὸ
929 2084 1027 2160 σῶμα
1049 2076 1183 2162 έκοίστιμ
1221 2076 1266 2148 ὡς
1289 2079 1303 2140 ὁ
1327 2075 1408 2147 ποίς

871 2183 1099 2268 ὑποθήματος.

366 2409 422 2476 His
444 2410 539 2476 liceat
561 2412 638 2477 mihi
656 2393 778 2478 'addere
800 2412 905 2477 locum
922 2430 961 2475 ex
977 2408 1090 2476 Sirom.
1114 2406 1164 2490 ΙΙΙ,
1190 2409 1230 2472 10
1247 2428 1276 2493 p.
1294 2404 1407 2471 5141).

226 2534 228 2538 ·
281 2521 451 2599 sumptum,
482 2517 532 2598 qui
568 2516 609 2580 ad
644 2516 778 2582 eundem
807 2515 945 2581 Stoicum
980 2518 1141 2578 auctorem
1177 2511 1253 2575 mihi
1286 2509 1409 2574 videtur

281 2617 464 2684 referendus
488 2638 572 2684 esse:
786 2622 789 2628 '

323 2741 396 2803 δοκεῖ
419 2741 450 2802 δέ
474 2763 520 2822 μοι
547 2741 593 2802 καί
620 2747 668 2803 τοῦ
693 2741 816 2803 Πλατω-

280 2869 327 2916 νος
346 2849 554 2933 παρακηκοέναι
577 2848 606 2910 ἐν
629 2846 819 2932 τήΠολιτείᾳ

281 2955 408 3039 φαμένου
431 2953 525 3021 κοινὰς
540 2953 607 3015 εἶναι
622 2956 673 3024 τοίς
687 2963 819 3036 ηυναῖκας

280 3064 402 3134 πάντων,
426 3059 520 3128 κοινοίς
542 3058 593 3141 μέν
616 3062 667 3129 τοὶς
693 3060 746 3147 πρὸ
769 3066 817 3122 τοῦ

279 3171 370 3248 ηοὶμου
392 3171 449 3227 των
477 3166 614 3227 αἰτεῖσθαι
641 3166 817 3248 μελλόντων,

280 3273 410 3358 καθάπερ
434 3271 481 3333 καί
495 3273 526 3333 τὸ
542 3271 691 3359 θέατρον
707 3273 818 3334 κοινὸν

280 3383 337 3439 τῶν
371 3377 526 3460 θεωμένων
561 3383 730 3464 φάσκοντος,
767 3385 818 3440 τοῦ

280 3483 547 3571 προκαταλαβόντος
559 3482 589 3546 δέ
602 3484 724 3567 ἑκάστην
738 3483 817 3545 έκοίσ-

280 3611 328 3651 τοο
357 3589 423 3651 εἶναι
451 3590 498 3651 καὶ
525 3589 614 3652 οὐκέτι
645 3589 738 3673 κοινήν
766 3589 817 3672 τήν

279 3698 489 3780 uirorumu-

913 2737 1015 2822 Epioe.
1040 2734 1077 2818 II,
1108 2738 1137 2816 4,
1162 2735 1181 2797 8
1208 2737 1234 2798 τί
1261 2734 1323 2814 οὖν;
1359 2733 1408 2796 οὐκ

870 2843 936 2905 εἰσίν
972 2843 999 2904 ui
1032 2847 1158 2924 γυναῖκες
1191 2840 1279 2904 κοιναὶ
1312 2841 1407 2926 φύσεις

870 2945 949 3031 κάγὼ
964 2948 1050 3031 λεήω.
1077 2945 1284 3031 Comparatur
1300 2944 1361 3009 eibi
1376 2945 1408 3009 in

871 3053 1013 3119 eonvivio
1042 3050 1218 3115 distributio
1242 3050 1262 3111 9
1289 3051 1349 3132 ἄμ,
1377 3049 1408 3111 τὸ

870 3155 901 3220 δὲ
916 3157 1062 3244 θέατρον
1079 3154 1129 3217 οὐκ
1144 3153 1202 3215 ἐστι
1217 3156 1332 3217 κοινὸν
1352 3161 1408 3216 τῶν

870 3263 1007 3339 audradum
1052 3263 1118 3324 ὅταν
1157 3259 1205 3323 οὖν
1243 3261 1407 3336 καθίσωσιν,

870 3369 978 3445 ἐλθών,
1003 3371 1037 3431 ἄν
1054 3391 1096 3430 σοι
1112 3374 1202 3454 ρανή,
1227 3365 1333 3449 ἔκβαλέ
1348 3388 1408 3429 τινα

871 3475 983 3537 αὐτῶν·
1023 3473 1096 3536 οθτω
1134 3472 1181 3534 καί
1218 3472 1246 3534 αἱ
1283 3480 1409 3555 ήοναῖκες

871 3582 951 3666 φύσει
974 3581 1069 3642 κοιναί,
1100 3580 1166 3641 ὅταν
1178 3575 1232 3641 δ’ὁ
1249 3569 1410 3662 νομοθέτης

871 3685 911 3756 ὡς
948 3685 1084 3773 ἑστιάτωρ
1121 3686 1202 3769 θιέλη
1241 3685 1338 3759 αὐτάς,
1377 3684 1409 3746 οὐ

870 3791 967 3860 θέλεις
1004 3791 1051 3853 καί
1093 3790 1178 3860 αὐτὸς
1217 3790 1284 3853 ίλιον
1325 3793 1410 3878 μέρος

871 3903 978 3981 ζητεῖν,
1004 3897 1083 3959 ἀλλὰ
1098 3897 1130 3957 τὸ
1147 3897 1296 3984 ἀλλότριον
1319 3895 1409 3984 ὑφαρ-

871 4008 1001 4072 παίζεις·
1028 4050 1034 4062 .
1061 4050 1067 4062 .
1093 4027 1100 4082 3

368 4125 467 4192 Nemo
505 4147 567 4191 nou
601 4124 754 4192 concedet
788 4121 958 4188 admodum
992 4142 1062 4188 ease
1096 4119 1409 4187 animadvertendum

282 4231 366 4296 huno
388 4249 586 4296 eonsensum.
633 4228 739 4312 Neque
763 4247 835 4294 vero
858 4227 909 4310 qui
934 4226 1072 4292 cautiore
1095 4225 1209 4291 iudieio
1232 4226 1338 4308 utitur,
1352 4244 1409 4310 pro
