3218 4896
741 257 953 322 ..42-

284 446 389 529 legum
412 447 613 513 seueritatem
635 446 767 531 opponit
789 443 818 510 ei
841 461 921 526 quae
943 448 1008 508 tum
1033 446 1102 510 erat
1122 439 1228 523 legum
1243 437 1413 534 indulgen·

284 550 358 630 tiaa
382 569 502 614 morum
527 549 683 634 pravitati.
717 544 799 612 Num
821 545 885 610 ullo
908 545 979 610 looo
1001 544 1061 610 nisi
1084 545 1116 610 in
1130 544 1203 628 ipsa
1218 541 1319 609 Roma
1333 541 1413 608 haee

285 652 406 735 eoripta
428 671 497 717 eoae
520 649 672 735 pereunt?
711 649 815 733 Atque
838 649 934 714 etiam
957 647 1102 732 proxima
1123 665 1289 713 romanum
1313 646 1413 729 serip-

284 760 386 818 torem
419 751 565 837 produnt.
610 752 758 833 Legimus
795 750 880 816 enim
912 751 956 814 24
981 769 1012 833 p.
1036 748 1114 812 267:
1147 750 1195 812 καὶ
1228 754 1285 810 τῶν
1319 748 1412 812 ἐθνῶν

284 854 381 938 (quod
406 855 504 939 ipnius
534 854 706 920 Clementis
733 854 796 937 est)
819 853 845 915 οἱ
870 852 975 918 Κελτοὶ
1007 852 1055 915 καὶ
1081 853 1107 916 οἱ
1133 852 1244 916 Σκύθαι
1277 859 1412 935 κομῶσιν,

285 955 355 1021 ἀλλ’
368 959 400 1020 ob
423 963 591 1041 aoopoburou
607 978 614 993 ·
631 957 689 1042 ἔχει
711 978 737 1020 τι
759 957 880 1045 φοβερὰν
908 957 941 1020 τὸ
969 957 1095 1044 εὔτριχον
1123 963 1173 1020 τοῦ
1201 956 1344 1044 βαρβάρου
1366 957 1414 1020 καὶ

284 1063 317 1126 τὸ
340 1053 446 1136 {aulida
470 1061 555 1124 αὐτοῦ
577 1062 702 1145 πολεμον
730 1063 837 1126 ἀπειλεῖ
864 1063 993 1146 συγγενές
1018 1061 1096 1124 τιτὸ
1118 1068 1222 1149 χρῶμα
1244 1056 1285 1148 τῷ
1308 1063 1412 1145 αἵματι.

285 1172 477 1253 μεμισήκατον
499 1170 589 1254 ἄμφω
616 1168 707 1229 τούτω
734 1165 776 1228 τὼ
803 1166 939 1255 βαρβάρω
966 1166 1018 1250 τὴν
1044 1170 1164 1254 τρυφήν,
1188 1172 1333 1255 μάρτυρας
1354 1169 1412 1230 ἐπι-

284 1264 420 1346 δείξωνται
454 1281 555 1359 σαφεῖς
586 1273 634 1334 τὸν
663 1271 767 1356 Ῥῆνον
794 1274 809 1334 ὁ
835 1271 993 1359 Γερμανός,
1021 1274 1036 1334 ὁ
1063 1271 1182 1356 Σκύθης
1207 1271 1260 1356 τὴν
1286 1262 1411 1356 ἅμαξαν.

284 1377 377 1444 Patet
405 1377 456 1442 hio
484 1396 523 1442 ee
550 1397 642 1459 quam
670 1375 765 1442 morlo
792 1375 945 1462 desoripsi
976 1377 1096 1442 ratione
1124 1376 1317 1463 exemplaris
1342 1377 1412 1442 loeo

285 1479 436 1545 Romanis
463 1479 595 1564 proponi
622 1477 808 1563 Soytharum
837 1483 871 1544 et
898 1477 1127 1544 Germanorum
1151 1479 1296 1544 virtutem
1318 1486 1413 1562 etque

285 1581 507 1664 frugalitatem.
552 1580 791 1665 Coniunguntur
818 1586 922 1646 autem
951 1583 1077 1667 saepius
1104 1580 1242 1666 Scythae
1269 1589 1301 1646 et
1334 1580 1413 1646 Ger·

285 1686 387 1766 mani3
411 1692 445 1748 ut
467 1683 612 1748 Luoanus
635 1683 680 1748 ait
703 1681 767 1762 Vll,
790 1684 853 1746 433

442 1785 605 1868 „Libertas
627 1785 710 1850 ultra
731 1784 849 1867 Tigrim
872 1784 1078 1868 Rhenumque
1101 1787 1233 1852 reeessit

441 1937 448 1952 .
478 1937 485 1952 .
514 1937 521 1952 .
554 1937 561 1952 .
590 1886 781 1953 Germanum
810 1886 1054 1972 Seythioumque
1082 1887 1230 1954 bonum“.

371 1990 458 2056 Haeo
481 1996 585 2055 autem
603 1988 830 2056 Germanorum
847 1990 965 2056 mentio
983 2007 1072 2055 suam
1085 1991 1149 2056 vim
1160 1996 1193 2055 et
1204 2009 1294 2056 suum
1306 1989 1411 2055 looum

285 2095 316 2158 in
330 2113 369 2158 ea
380 2093 481 2158 solum
500 2091 576 2156 urbe
593 2091 698 2170 habet,
717 2093 749 2156 in
765 2111 827 2176 qua
840 2092 973 2157 multum
985 2099 1017 2157 et
1028 2091 1201 2158 audiebant
1212 2099 1243 2157 et
1257 2092 1412 2158 timebant

285 2197 325 2260 de
338 2194 514 2260 Germania.
534 2191 617 2268 Quid
629 2192 842 2259 Alexandrino
855 2195 1000 2279 scriptori
1013 2213 1084 2259 eum
1098 2191 1285 2260 Germanis?
1300 2193 1368 2259 ileo
1378 2196 1410 2258 in

284 2316 319 2362 re
334 2295 506 2361 Clementis
523 2301 632 2360 auetor
655 2314 726 2358 oum
749 2295 819 2379 ipso
832 2294 940 2361 Taoito
963 2294 1084 2379 (Germ.
1103 2315 1130 2362 a.
1145 2298 1167 2358 4
1182 2296 1286 2377 Agrie.
1311 2315 1338 2360 o.
1357 2297 1412 2378 11)

285 2397 495 2464 conferendus
517 2404 575 2477 est,
600 2395 683 2479 quod
698 2397 874 2480 incomptos
891 2396 1050 2481 flavosque
1065 2399 1219 2464 maiorum
1236 2405 1412 2464 nostrorum

286 2501 418 2585 capillos
444 2498 617 2584 praedicat.
662 2497 749 2564 ldem
772 2496 810 2579 ll,
833 2500 874 2562 32
896 2518 927 2583 p.
953 2500 1014 2562 186
1042 2499 1082 2564 de
1109 2499 1307 2584 Scythamm
1341 2499 1413 2566 Gel-

286 2612 389 2670 turum
411 2640 453 2650 -
476 2622 553 2686 quos
576 2600 757 2666 confudisse
779 2600 906 2667 videtur
928 2621 999 2667 oum
1023 2601 1255 2669 Germanis-
1278 2602 1413 2686 Iberum,

288 2707 442 2773 Thracum
466 2704 655 2770 temulentia
680 2703 826 2768 similiter
853 2703 989 2788 loquitur
1023 2711 1118 2787 atque
1146 2703 1272 2772 Taoitus
1306 2705 1412 2770 Germ.

287 2830 314 2875 e.
337 2811 389 2873 22.
413 2845 454 2854 -
477 2808 504 2872 A
529 2805 696 2872 Germanis
719 2805 906 2892 Soytbieque
922 2806 1094 2873 Clementis
1109 2811 1221 2874 auotor
1242 2806 1293 2891 lll,
1317 2811 1358 2871 25
1380 2827 1411 2892 p.

286 2913 350 2976 267
374 2909 415 2992 ad
431 2909 551 2974 Arabes
572 2909 695 2989 transit,
719 2927 851 2990 quorum
874 2908 1109 2993 simplieitatem
1137 2909 1286 2993 laudat¹).
1321 2909 1412 2976 Hane

287 3021 392 3081 autem
415 3010 542 3077 laudem
565 3011 598 3074 in
620 3029 786 3076 romanum
808 3011 993 3095 seriptorem
1017 3013 1135 3097 optime
1151 3013 1329 3096 tamenim,
1345 3012 1413 3078 elii-

288 3117 368 3183 oitur
390 3136 429 3180 ex
451 3113 546 3180 Plinii
568 3112 648 3194 loeo,
672 3113 723 3195 qui
747 3112 787 3178 de
809 3112 922 3179 eadem
946 3115 1073 3180 natione
1088 3113 1118 3178 h.
1136 3135 1166 3178 n.
1185 3113 1252 3196 llll,
1272 3117 1313 3178 14
1328 3115 1412 3198 (32):

290 3217 516 3302 „Silrainquit
539 3214 641 3280 divisa
663 3216 757 3281 eertis
780 3216 976 3300 portionibus
1003 3221 1114 3281 mutua
1139 3217 1321 3295 innoeentia
1347 3225 1416 3293 tuta

289 3328 350 3403 est3
374 3339 467 3385 nemo
491 3317 611 3383 furatur
633 3315 755 3381 alteri“.
955 3372 958 3377 .

374 3420 496 3486 Morum
525 3418 698 3502 pravitatis,
726 3420 867 3484 omnium
896 3418 1049 3484 malorum
1084 3439 1213 3506 eausam
1246 3422 1415 3507 scriptores

288 3524 411 3593 romani
444 3522 535 3588 huius
569 3521 683 3587 aetatis
716 3521 819 3587 solent
844 3527 988 3607 repetere
1015 3523 1054 3588 ab
1082 3525 1197 3590 exteris
1225 3525 1415 3606 nationibuS,

288 3647 421 3713 quarum
444 3625 634 3692 commertio
650 3629 744 3706 atque
766 3624 1004 3691 conversatione
1026 3625 1159 3708 luxurie,
1182 3626 1322 3709 laseiria,
1337 3627 1415 3693 leui-

376 3877 393 3945 1)
412 3876 530 3946 Liquido
561 3877 607 3933 hio
637 3878 865 3949 deprehendimus
894 3878 1044 3936 clementis
1073 3880 1242 3950 compilandi
1272 3881 1415 3937 rationem.

288 3966 395 4018 Auctor
413 3965 471 4018 eiua
490 3968 584 4034 aperte
602 3965 631 4018 id
650 3965 708 4033 ugit
731 3969 761 4019 et
778 3969 894 4035 spectat,
912 3970 943 4022 nt
960 3966 1180 4022 summa‘etieret
1198 3965 1278 4022 laude
1291 3968 1415 4023 Arabum

288 4049 494 4119 simplieitatem
514 4055 542 4104 et
560 4049 753 4118 frugalitatem.
783 4051 884 4106 Contra
901 4051 1064 4106 ebriationur
1082 4052 1162 4108 homo
1181 4067 1325 4122 perronam
1338 4069 1415 4108 suam

288 4135 358 4188 male
377 4152 490 4190 servans
508 4135 600 4190 faeere
618 4151 672 4188 non
690 4140 790 4206 potest,
808 4137 873 4205 quin
889 4137 1081 4193 erudelitatem
1100 4152 1191 4190 eorum
1210 4139 1370 4194 insectetur.
