3218 4896
759 330 948 392 -.1-

293 518 378 606 apud
416 517 611 586 Clementem
650 518 777 583 nomine
817 516 959 584 diversae
998 519 1060 583 vim
1099 517 1232 583 eandem
1267 517 1418 584 obtinent.

294 622 551 690 Consentaneum
576 629 707 688 naturae
730 625 788 703 est,
813 620 896 705 quod
919 623 1091 688 necessitas
1114 621 1282 704 desiderat,
1309 627 1420 687 contra

294 733 448 810 naturam,
483 725 565 811 quod
600 725 744 810 voluptas
777 724 907 809 flagitat.
916 724 937 808 ¹)
982 724 1050 791 Hoe
1082 727 1176 808 igitur
1204 745 1331 811 prorsus
1358 724 1419 788 rei-

294 830 451 914 ciendum,
468 829 545 895 illud
561 827 748 896 sumendum
765 837 821 894 est.
857 827 945 894 Haec
960 828 1055 912 igitur
1070 836 1143 894 sunt
1157 829 1322 915 principia,
1340 848 1421 912 quae

294 937 373 1001 mira
401 934 579 1001 constantia
607 953 663 1019 per
697 931 829 998 alterum
864 938 896 998 et
928 933 1053 998 tertium
1086 933 1200 998 librum
1235 932 1421 998 exhibentur

294 1075 335 1085 -
358 1058 432 1104 nam
455 1036 495 1103 de
517 1037 619 1123 primo
641 1035 721 1101 libro
744 1029 884 1102 seorsum
907 1055 1000 1119 agam
1024 1073 1062 1082 —
1088 1047 1120 1102 et
1142 1056 1222 1120 quae
1245 1035 1331 1102 nullo
1358 1056 1420 1100 non

295 1143 398 1228 capite
421 1141 564 1207 redeunt.
609 1138 660 1204 Ad
683 1138 795 1206 horum
818 1159 959 1207 normam
983 1146 1076 1224 atque
1091 1139 1230 1223 regulam
1247 1139 1422 1204 referuntur

294 1251 326 1312 et
360 1244 534 1330 diriguntur
567 1245 675 1310 omnia
708 1243 869 1310 cotidiana
905 1246 1041 1328 negotia,
1075 1265 1185 1310 omnes
1220 1243 1421 1310 condiciones

295 1351 471 1417 communis
499 1350 591 1416 vitae.
637 1348 724 1414 Haec
759 1356 865 1415 autem
898 1349 1055 1435 principia
1079 1348 1252 1414 Stoicorum
1288 1368 1357 1414 esse
1389 1349 1422 1412 in

383 1503 400 1570 ¹)
419 1503 457 1568 11,
484 1503 516 1556 10
532 1518 559 1572 p.
580 1503 628 1556 169
653 1503 700 1557 P.:
728 1498 904 1573 παραιτητέον
929 1503 976 1566 τὴν
1001 1504 1123 1574 λιχνείαν
1149 1498 1250 1572 ὀλίγων
1275 1504 1356 1555 τινοῖν
1377 1501 1423 1554 καί

296 1587 495 1660 ἀναγκαίων
520 1588 773 1660 μεταλαμβάνοντας
797 1592 837 1655 14,
860 1607 886 1660 p.
911 1591 960 1645 173
983 1591 1016 1646 P.
1035 1592 1068 1645 35
1091 1608 1117 1661 p.
1143 1591 1191 1646 188
1209 1591 1253 1645 P.:
1283 1589 1422 1660 aspernari

296 1679 428 1733 debemus
453 1678 540 1746 κτῆμα
563 1676 612 1740 τὴν
637 1675 760 1747 χρείαν
786 1675 965 1746 ἀπερβεβηκάς
991 1679 1020 1730 et
1046 1678 1138 1737 σκεῦος
1165 1672 1316 1748 ἀχρεῖον,
1344 1675 1358 1728 δ
1384 1676 1422 1748 μὴ

295 1762 362 1836 μετά
379 1765 423 1826 τῆς
442 1757 630 1832 ἀναγκαίας
647 1761 798 1833 χρήσεως
816 1762 862 1816 καί
880 1759 1106 1833 μέτριόνὲστιν,
1118 1764 1151 1817 37
1163 1780 1189 1832 p.
1204 1764 1252 1818 189
1265 1765 1308 1818 P.:
1320 1765 1424 1816 σκευῶν

295 1848 415 1921 μέτρον
432 1849 447 1913 ἡ
465 1848 567 1920 χρεία
589 1850 622 1903 38
645 1866 672 1920 p.
693 1851 741 1903 190
758 1849 802 1905 P.:
822 1844 925 1920 ἀμείνω
944 1846 975 1902 δὲ
992 1848 1027 1902 τά
1046 1849 1192 1918 χρήσιμα
1209 1851 1243 1905 58
1260 1867 1287 1920 p.
1306 1850 1356 1904 903
1375 1851 1421 1904 R:

296 1937 377 1990 etiam
400 1937 428 1989 in
451 1951 521 1990 roco
544 1935 743 1990 observandum
766 1941 809 1991 est
826 1933 949 2006 μέτρον
967 1979 973 1991 .
993 1977 999 1990 .
1018 1977 1025 1991 .
1044 1978 1049 1991 .
1067 1934 1096 1988 τό
1114 1932 1232 2006 φθέγμα
1248 1935 1276 1989 τὰ
1295 1938 1376 2006 σφῶν
1393 1938 1424 2006 τῇ

296 2021 483 2091 συμμετρίᾳ
505 2020 749 2091 παραμετροάντων
766 2023 796 2075 61
816 2039 842 2090 p.
861 2023 910 2075 905
929 2021 972 2075 P.:
992 2021 1133 2091 στεφάνων
1152 2021 1245 2093 δ’ἡμῖν
1261 2019 1307 2074 καὶ
1328 2022 1425 2093 μύρων

296 2111 391 2179 χρῆσις
414 2103 462 2161 eain
485 2102 653 2176 ἀναγκαία
672 2108 704 2163 68
722 2124 749 2177 p.
767 2109 817 2161 909
837 2109 881 2162 P.:
904 2104 975 2178 φέρε
997 2103 1139 2161 κάνταῦθα
1161 2107 1375 2178 διαστειλάμεάα
1396 2107 1425 2161 τδ

296 2194 459 2267 χρειῶδες
478 2192 642 2265 αἱρούμενοι,
661 2195 703 2260 7οη
725 2191 765 2253 εἰς
781 2193 826 2254 τάς
849 2188 1040 2263 ἀναγκαίας
1059 2189 1223 2265 ἀφελείας
1240 2194 1271 2247 τά
1290 2193 1362 2259 ἄνθη
1380 2211 1425 2264 γε·

296 2279 406 2352 γονέναι
424 2282 457 2335 76
475 2298 503 2351 p.
522 2281 572 2333 916
591 2279 622 2333 Ρ.
640 2280 674 2334 78
692 2296 719 2350 p.
739 2280 789 2332 917
807 2279 838 2332 Ρ.
857 2280 891 2334 80
908 2297 935 2351 p.
953 2281 1004 2334 918
1022 2280 1051 2336 P.
1072 2282 1105 2334 90
1122 2297 1150 2351 p.
1169 2282 1220 2335 994
1240 2281 1269 2334 Ρ.
1288 2282 1321 2335 94
1333 2298 1359 2352 p.
1374 2283 1424 2335 996

297 2370 344 2424 P.:
367 2383 421 2421 non
439 2366 505 2421 lieet
523 2365 650 2435 συνουσίᾳ
670 2363 705 2424 ὥς
729 2360 901 2437 ἀναγκαίῳ
924 2367 1046 2436 χρῆσθαι
1064 2364 1194 2432 ἑκάστοτε,
1214 2369 1262 2421 104
1280 2384 1307 2437 p.
1326 2368 1376 2421 939
1395 2367 1425 2421 Ρ.
1442 2385 1444 2390 ⁴

300 2456 347 2509 107
366 2471 392 2524 p.
412 2455 463 2507 934
480 2453 510 2507 P.
531 2453 580 2506 108
597 2469 623 2522 p.
643 2452 694 2505 934
715 2452 745 2506 P.
768 2453 815 2508 110
832 2469 859 2522 p.
877 2453 927 2506 936
950 2455 996 2508 P.:
1014 2455 1057 2517 τῆς
1080 2452 1192 2518 έσ9ἡτος
1214 2453 1241 2506 τδ
1264 2454 1426 2524 χρειῶδες

298 2536 525 2610 sposponderunt
544 2554 570 2607 p.
588 2540 638 2593 949
657 2539 691 2593 P.
704 2539 765 2593 19οε
785 2536 903 2591 δέδωκεν
921 2537 935 2591 ί
953 2539 1017 2599 θεὸς
1036 2535 1087 2592 οἷδ’
1099 2537 1136 2592 δτι
1153 2541 1197 2604 τὴς
1218 2539 1339 2610 χρήσεως
1360 2539 1426 2610 ἡμῖν

297 2626 344 2690 τὴν
361 2622 492 2690 ἐξουσίαν,
513 2618 579 2677 ἀλλά
591 2620 676 2694 μέχρι
686 2625 733 2677 τοῦ
752 2619 949 2693 ἀναγκαίου,
970 2627 1016 2678 191
1031 2643 1057 2696 p.
1071 2627 1120 2680 943
1137 2625 1167 2679 Ρ.
1182 2625 1233 2690 ΙΙΙ,
1251 2627 1306 2697 3p.
1319 2627 1366 2681 951
1381 2627 1424 2681 P.:

298 2712 410 2767 reicitur
427 2714 539 2764 ornatus
553 2726 770 2780 supervacaneus
783 2714 878 2781 utpote
898 2707 915 2764 ἀ
920 2711 1105 2783 χρειότητος
1123 2710 1198 2781 ἔχων
1215 2710 1336 2783 ἔμφασιν
1354 2715 1386 2767 47
1399 2730 1425 2784 p.

298 2800 349 2853 989
367 2798 412 2853 P.:
437 2796 503 2868 ἡμῖν
525 2793 556 2862 δὲ
579 2791 687 2867 ἀπόχρη
705 2795 720 2860 ἡ
740 2798 937 2868 συμμετρία.
973 2795 1061 2868 Atqui
1082 2799 1150 2852 haec
1172 2799 1241 2853 ratio
1261 2799 1426 2867 Cynicorum

299 2889 328 2939 et
345 2885 501 2940 Stoicorum
525 2887 576 2937 est.
604 2881 713 2937 Seneca
735 2884 845 2952 quidem
870 2884 934 2939 dial.
953 2886 1003 2952 IX,
1023 2886 1047 2948 9,
1067 2885 1082 2938 9
1101 2885 1324 2949 „Adsuescamus
1343 2927 1349 2940 .
1367 2926 1375 2942 .
1394 2927 1400 2939 .
1419 2927 1426 2941 .

299 2987 377 3025 usus
395 2968 517 3041 (χρείαν)
535 2986 632 3033 rerum,
650 2985 704 3022 non
718 2977 877 3024 ornamenta
895 2971 1010 3025 metiri.
1029 3012 1035 3026 .
1055 3011 1061 3024 .
1081 3012 1087 3025 .
1106 2970 1193 3024 libido
1212 2987 1265 3040 qua
1283 2987 1426 3027 necesse

300 3061 352 3112 est
369 3057 435 3110 fluat
453 3097 459 3110 .
479 3096 485 3112 .
505 3097 510 3110 .
530 3054 717 3109 desideriis
737 3056 906 3110 naturalibus
923 3073 1007 3127 parvo
1026 3061 1124 3126 parata
1141 3057 1262 3111 remedia
1280 3058 1427 3113 adhibere“

299 3149 353 3198 eto.
372 3160 413 3213 ep.
433 3143 486 3208 5‚5
505 3141 562 3197 Gis.
575 3141 609 3195 de
629 3140 672 3194 off.
687 3141 708 3206 Ι,
723 3141 784 3196 14οι
806 3142 919 3208 „eadem
938 3143 1162 3197 mediocritas
1181 3144 1215 3197 ad
1230 3161 1337 3199 omnem
1349 3162 1426 3199 usum

300 3230 455 3298 cultumque
477 3229 550 3282 vitae
573 3227 716 3281 referenda
738 3231 797 3282 est“
822 3228 866 3298 (ct.
885 3229 950 3284 ibid.
970 3229 991 3294 Ι,
1011 3231 1059 3284 106
1078 3229 1114 3296 ΙΙ,
1133 3229 1185 3299 56).
1221 3232 1274 3285 Dio
1294 3231 1388 3302 Chrys.
1406 3234 1429 3298 1,

299 3334 325 3387 p.
340 3317 373 3370 56
385 3315 468 3370 Dind.
483 3316 529 3370 131
543 3313 576 3368 R.
589 3313 733 3383 σύμπαντα
749 3317 831 3368 ταῦτα
849 3309 974 3385 οάδεμιάς
993 3313 1073 3369 ἕνεκα
1090 3318 1219 3386 χρείας,
1239 3312 1294 3370 ἀλλ’
1309 3317 1428 3382 ἡδονῆς

300 3397 439 3472 ἡυρημένα
461 3401 587 3470 φαίνεται
610 3403 661 3454 etc.
689 3402 737 3455 160
761 3402 794 3456 D.
818 3402 868 3456 998
891 3404 938 3468 R.;
968 3404 1013 3458 101
1041 3401 1073 3455 D.
1097 3403 1147 3458 907
1170 3403 1203 3460 R.
1226 3404 1292 3456 vilia
1310 3408 1338 3456 et
1357 3421 1427 3472 quae

299 3492 427 3558 prompto
449 3491 514 3540 sunt
536 3486 618 3540 docet
638 3487 720 3540 rebus
743 3488 871 3557 pretiosis
893 3489 1073 3558 praeferende
1095 3506 1164 3555 esse,
1188 3489 1261 3558 quod
1288 3505 1369 3559 saepe
1388 3489 1428 3541 in·

300 3572 424 3629 culcatur
442 3573 514 3644 apud
531 3573 616 3628 Olem.
636 3573 684 3640 (II,
705 3575 750 3627 191
771 3591 797 3643 p.
816 3575 866 3628 913
885 3576 917 3629 Ρ.
939 3576 969 3628 15
988 3593 1014 3646 p.
1035 3578 1082 3629 174
1102 3577 1144 3643 Ρ.)

386 3658 518 3713 Similiter
543 3659 631 3713 stoica
659 3659 784 3714 doctrina
811 3660 851 3713 eis
878 3664 1033 3728 agnoscitur
1059 3660 1136 3726 locis,
1164 3661 1262 3730 quibus
1287 3659 1372 3714 libido
1401 3665 1428 3714 et

300 3745 427 3815 voluptas
444 3745 629 3816 impugnatur:
651 3745 703 3814 ΙΙΙ,
719 3747 752 3800 46
770 3763 797 3815 p.
814 3746 863 3798 981
883 3746 916 3799 P.
936 3744 1022 3816 ἄρδην
1038 3745 1085 3810 τὴν
1108 3742 1288 3816 ἀναίσχυντον
1306 3744 1428 3810 ἡδονὴν

300 3829 442 3887 ἐκκοπτέον
464 3832 499 3898 ΙΙ,
522 3832 556 3886 68
578 3849 604 3902 p.
623 3832 673 3885 909
696 3832 740 3886 P.:
768 3825 898 3901 οὐδεμίαν
923 3833 1021 3903 χώραν
1044 3828 1217 3903 ἀπονέμομεν
1234 3831 1335 3902 ἡδονῇ
1361 3833 1428 3904 πρὸς

301 3915 432 3989 οάδεμίαν
448 3914 673 3989 συμπεπλεγμένη
693 3918 839 3982 λυσιτελῆ
861 3921 897 3990 τῷ
919 3920 969 3991 βίῳ
986 3920 1108 3989 χρείαν
1130 3919 1166 3984 ΙΙ,
1186 3923 1197 3972 1
1218 3936 1244 3990 p.
1265 3921 1313 3974 163
1332 3921 1364 3975 Ρ.
1383 3921 1427 3976 fin.

301 4007 342 4071 33,
361 4007 403 4072 69,
422 4007 463 4070 77,
481 4005 522 4070 86,
542 4005 574 4058 99
593 4021 619 4076 p.
638 4006 688 4059 995
702 4006 749 4061 P.:
767 4004 831 4076 ψιλὴ
850 4004 904 4076 γάρ
927 4003 1024 4070 ἡδονή
1047 4046 1053 4060 .
1072 4046 1079 4061 .
1098 4046 1104 4060 .
1128 4005 1285 4077 παράνομός
1307 4004 1361 4060 ἐστι
1382 4008 1429 4060 καὶ

302 4090 392 4151 ἄδικος
418 4090 464 4144 καὶ
491 4091 586 4160 ἀλογος
612 4091 663 4157 ΙΙΙ,
686 4092 719 4146 99
746 4110 772 4163 p.
795 4093 845 4146 965
872 4091 902 4146 P.
931 4087 1108 4163 ἀγοράζουσιν
1134 4090 1253 4156 ἡδονάς
1279 4094 1312 4148 98
1336 4097 1428 4153 σκεῦος

302 4175 419 4242 ἡδονῆς
436 4180 469 4234 37
488 4197 513 4250 p.
524 4179 575 4233 976
593 4178 624 4232 P.
643 4180 712 4233 Item
730 4176 814 4249 ὕβρις,
832 4179 929 4249 τρυφὴ,
949 4178 1110 4244 ἡδυπάθεια,
1130 4176 1283 4233 πολυτέλεια
1296 4197 1378 4252 saepe
1392 4183 1426 4234 ub

304 4279 336 4318 eo
346 4268 478 4320 vexantur
489 4270 516 4319 et
526 4265 656 4320 acerrime
669 4267 839 4335 castigantur
849 4264 892 4335 (cf.
904 4265 993 4320 Galen
1003 4285 1031 4321 π.
1040 4274 1108 4336 ψυχ.
1119 4267 1220 4319 παθῶν
1232 4282 1255 4322 c.
1266 4266 1316 4333 IX,
1325 4268 1367 4322 45.
1377 4266 1427 4335 46).
