3218 4896
471 286 483 317 ι
773 267 984 331 -30-

318 456 397 538 ἡμῖν
429 455 492 539 τῆς
517 458 639 543 ἀργυρᾶς
660 457 681 540 η
703 459 757 539 της
779 455 855 518 ἐλε-
908 456 969 543 περὶ
990 457 1096 518 τούτων
1117 461 1190 520 πάνυ
1204 457 1317 519 δίκαιον.
1357 458 1398 520 37
1413 476 1444 541 p.

250 629 253 634 y
318 561 486 646 φαντίνης
529 560 665 644 κλίνης,
714 563 778 644 της
821 558 856 624 δὲ
909 561 971 624 190
1005 560 1039 627 Ρ.
1072 559 1128 646 ἐγὼ
1165 563 1291 648 δέφημι
1316 559 1445 623 καὶτοῦ

318 665 463 751 σισύρας
501 665 717 748 ίκσνωτάτης
755 667 857 748 ούσης
907 666 1097 748 σκίμποδος
1125 666 1187 749 (sie
1208 665 1280 747 lego
1302 683 1360 750 pro
1381 662 1447 734 τοὺς

317 767 574 856 ὑπεστρῶσθαι,
598 769 687 832 ὥστε
713 769 758 854 μὴ
787 771 855 832 δεῖ·
907 770 1112 852 σκίμποδας)
1128 767 1223 833 οὐδὲν
1239 769 1347 831 κακίω
1366 791 1444 855 παρ·

317 873 398 935 σδαι
434 874 684 962 πορφυρίδοςή
713 877 855 961 φοινικί-
893 855 1075 959 εχομένου
1101 873 1198 957 (vulg.
1220 874 1444 960 παρεχομένους)

317 979 388 1052 δος,
413 1026 420 1039 .
446 1025 452 1040 .
479 1025 486 1040 .
510 969 557 1040 καί
583 979 667 1041 πίνειν
692 1001 723 1063 γε
745 979 780 1063 νη
804 981 856 1044 Δία
907 979 1107 1041 κατάκλισιν
1134 979 1197 1060 της
1224 978 1272 1040 ἐλ.
1307 978 1444 1060 κλίνης,

317 1083 349 1143 ἐκ
382 1089 561 1169 κεραμεῶν
588 1085 729 1170 ποτηρίων
755 1089 854 1172 παρόν,
907 1081 1030 1168 τηςδὲ
1062 1081 1203 1168 σισύρας
1235 1082 1447 1166 ίκανωτάτης

317 1189 861 1276 άτότεδίψοςσβεννύεινπαρα-·
908 1190 1013 1272 οὔσης
1055 1186 1313 1273 ὑπεστρῶσθαι,
1359 1187 1445 1250 ῶστε

315 1293 448 1375 πλησίως
468 1296 575 1379 πέφυκε
596 1303 654 1364 τοῖς
674 1302 789 1384 χρυσοῖς
809 1295 856 1357 καί
907 1293 953 1378 μὴ
975 1293 1140 1357 δεῖσθαι
1166 1292 1403 1378 φοινικίδων
1425 1293 1444 1375 η

316 1397 363 1458 τόν
397 1397 563 1482 ἐγχεόμενον
597 1399 691 1469 αὐτοῖς
724 1400 795 1462 οίνον
822 1400 854 1462 οὐ
907 1399 1139 1487 πορφυρίδων,
1154 1397 1351 1480 κατεγνῶσθαι
1367 1397 1446 1481 ὅμως

315 1501 530 1584 λυμαίνεται,
560 1504 652 1589 ὀσμὴν
674 1506 705 1567 δέ
726 1527 757 1588 γε
782 1505 854 1588 ἡδίω
907 1505 960 1588 τῆς
985 1503 1128 1572 εὐτελείας
1153 1501 1179 1564 δί
1205 1500 1372 1588 ἀβελτερίαν
1395 1505 1444 1590 σίρ-

315 1612 372 1667 τῶν
404 1613 517 1691 χρυσῶν
551 1609 598 1670 καί
634 1617 691 1672 τῶν
728 1613 855 1698 ἀργυρῶν
906 1615 1029 1695 χεκάκσο
1043 1607 1162 1695 τρυφῆς.
1178 1605 1211 1669 in
1225 1605 1298 1685 §38
1314 1605 1446 1692 frustula

315 1712 474 1797 παρέχεται.
500 1709 635 1778 Omnino
648 1732 708 1798 quo
718 1714 854 1798 quidque
907 1712 1094 1778 Mureniana
1115 1725 1268 1790 agnosco:
1303 1706 1444 1773 Christus

316 1812 474 1881 diffieilius
504 1821 641 1900 paratur,
676 1822 852 1901 usurpetur,
905 1815 1033 1880 volebat
1060 1813 1167 1878 bibere
1190 1810 1281 1872 σκεύει
1303 1807 1444 1895 κεραμεῴ,

315 1925 465 2000 servatur,
493 1938 530 1984 eo
556 1919 648 2002 peius
675 1926 732 1984 est.
774 1923 793 1982 ἃ
819 1919 853 1982 δὲ
905 1937 969 2001 qua
991 1914 1030 1981 de
1045 1934 1079 1980 re
1094 1913 1320 1995 nihiilegimus
1340 1914 1372 1976 in
1388 1911 1444 1976 Ev.

314 2021 480 2102 κτώμεθα
517 2020 562 2104 μὴ
599 2021 763 2105 χαλεπῶς
798 2025 853 2087 καὶ
905 2018 981 2084 Joh:
1005 2020 1036 2097 4,
1059 2017 1079 2078 6
1102 2035 1143 2080 ss.
1171 2014 1229 2080 sed
1255 2014 1316 2079 hoc
1345 2013 1445 2079 Clem.
1494 2103 1498 2110 ι

314 2123 516 2210 χριύμενοιί)
561 2124 766 2208 ἐπαινοῦμεν
798 2130 854 2192 καὶ
905 2116 1259 2200 ίίπκίί-σβεννύναι
1285 2117 1321 2179 τό
1349 2116 1446 2200 δίψος

315 2229 537 2314 φυλάττομεν
571 2229 713 2316 ῥᾳδίως,
747 2240 853 2296 ταῦτα
906 2223 1033 2292 εὐκόλως
1065 2223 1204 2286 διδάσκων
1232 2222 1270 2289 σί.
1298 2222 1355 2300 37;
1387 2220 1444 2283 35:

315 2335 429 2416 ἀμείνω.
465 2332 591 2399 Fictilis
602 2334 696 2414 igitur
708 2339 741 2400 et
751 2336 854 2404 ferree
906 2329 1072 2411 μεταδίδωσί
1093 2331 1240 2411 πθῑίῖίῖθς
1260 2325 1281 2408 ἡ
1305 2324 1361 2407 'etp
1385 2321 1442 2406 (⁸⁰-

314 2438 446 2503 meliora
497 2444 569 2502 sunt
618 2438 774 2517 argenteis
822 2447 853 2506 et
905 2439 1057 2514 argentee
1078 2431 1127 2496 vel
1150 2430 1259 2514 eures)
1282 2430 1443 2512 λυμαινο·

314 2541 433 2618 aureis,
475 2541 515 2602 ότι
551 2540 570 2622 ἡ
607 2546 706 2624 κτῆσις
747 2543 853 2604 τούτων
905 2537 977 2618 μόνη
1011 2535 1042 2597 τό
1075 2544 1181 2621 κρᾶμα,
1210 2534 1251 2596 38
1279 2537 1297 2595 ἃ
1324 2533 1360 2596 δὲ
1393 2533 1445 2596 καί

274 2705 278 2717 ,
314 2643 507 2731 εὐμαρεστέρα
530 2681 536 2695 ·
562 2692 569 2708 .
594 2692 601 2707 .
627 2692 634 2707 .
658 2647 677 2730 ἥ
700 2667 731 2708 τε
753 2646 854 2733 χρῆσις
904 2641 1070 2723 κτῶμεύα
1106 2639 1152 2723 μὴ
1188 2639 1352 2724 χαλεπῶς
1387 2637 1444 2700 καί

313 2749 418 2812 πλείων
442 2796 448 2810 .
475 2798 481 2810 .
506 2771 525 2832 η
548 2771 579 2811 τε
601 2749 717 2835 φυλακὴ
738 2753 852 2835 ῆττων·
904 2747 1080 2832 χρώμενοι
1116 2745 1270 2813 εὐκόλως
1292 2744 1442 2806 ἐπαινού-

313 2854 349 2914 τό
381 2854 434 2940 γάρ
468 2853 571 2936 εὐτελῆ
605 2859 661 2915 τῶν
687 2855 852 2921 πολυτελῶν
905 2873 964 2933 μεν
991 2849 1047 2912 καί
1074 2851 1294 2936 φυλάττομεν
1318 2849 1443 2934 ῥᾳδίως

314 2955 520 3039 ἐπιβουλεύεται
541 2961 626 3040 ἧττον
650 3007 657 3020 .
682 3007 689 3020 .
715 3007 721 3021 .
827 3033 831 3040 ¹
903 2955 950 3017 καί
975 2960 1160 3037 κοινωνοῦμεν
1185 2954 1313 3022 εὐκολως
1339 2951 1441 3028 αὐτῶν,

905 3055 1099 3143 (ἀμείνω).9)
1122 3060 1228 3142 ἀμείνω
1249 3057 1287 3142 δὴ
1308 3058 1345 3119 τά
1369 3061 1441 3145 χρη-

904 3187 981 3247 σιμα,
1021 3163 1124 3246 βελτίω
1161 3162 1192 3226 δὲ
1227 3162 1369 3248 δόγπουύεν
1406 3163 1442 3226 τά

904 3269 1090 3357 εὐτελέστερα
1110 3276 1168 3333 τῶν
1189 3269 1339 3332 πλουσίων.

904 3371 1265 3459 ωπωμωπ

313 3540 517 3554 -μ-

400 3640 420 3707 ¹)
438 3641 544 3695 Jacobs
561 3647 600 3696 -et
626 3643 753 3697 Meineire
780 3644 826 3696 hie
851 3659 885 3696 ex
913 3643 997 3700 Clem.
1023 3639 1139 3704 εὐκόλως
1164 3645 1343 3699 inseruerunt.
1383 3643 1440 3698 Sed

312 3742 414 3791 vereor,
434 3741 468 3780 ne
487 3727 538 3780 hoe
556 3743 609 3781 non
628 3728 733 3782 librarii
750 3727 930 3796 neglegentis,
949 3730 997 3784 sed
1011 3730 1070 3784 eius
1084 3730 1138 3798 qui,
1156 3734 1187 3783 ut
1198 3730 1268 3784 infre
1280 3729 1440 3794 ridebimus,

313 3812 383 3865 Mus.
401 3811 498 3865 librum
517 3813 661 3881 excerpsit,
679 3813 715 3865 sit
733 3812 871 3868 omissum.

398 3897 419 3964 2)
439 3896 519 3964 vulgo
542 3901 606 3966 post
628 3897 755 3966 χαλεπῶς
778 3898 974 3967 interpungunt
997 3903 1025 3952 et
1047 3899 1188 3970 epodosim
1216 3899 1360 3968 incipiunt,
1382 3903 1439 3952 tem

313 3982 412 4050 legitur
439 3976 545 4036 αὐτῶν.
570 3976 674 4052 ἀμείνω
702 3979 740 4037 όὲ.
777 3983 853 4048 Quod
881 4000 934 4037 non
965 3983 1101 4054 probabit,
1131 3985 1177 4054 qui
1206 3985 1338 4038 attentius
1366 3983 1441 4051 leget

313 4069 404 4132 Glem„
436 4084 516 4137 quam
544 4067 665 4137 plerique
693 4067 784 4122 solent
810 4068 881 4122 tales
908 4070 1057 4138 scriptores
1083 4069 1180 4137 legere.
1217 4069 1351 4138 Equidem
1379 4069 1440 4123 loeo

312 4152 440 4222 opitulari
459 4152 558 4218 studui,
578 4153 627 4206 sed
645 4169 741 4206 vereor
757 4169 791 4206 ne
810 4153 850 4208 01.
869 4154 948 4206 nimis
966 4153 1133 4208 mutilaverit
1150 4155 1269 4208 auctoris
1288 4156 1380 4208 verbs.
