3218 4896
637 313 850 374 ..27-

269 496 370 574 Quam
394 497 488 562 stulte
510 505 608 579 agant
629 517 789 579 ganeones
813 517 851 562 ao
874 505 1015 582 nepotes,
1038 503 1170 581 apparet

183 598 263 666 Mus.
299 600 432 683 οὐδαμῶς
466 599 721 686 ὠφελουμένων
776 597 875 664 Clam.
897 598 1051 681 liceret
1074 599 1148 684 μηδὲ
1168 601 1313 686 ὠφελεῖ-

182 709 239 766 τῶν
250 711 418 787 σωμάτων
431 705 462 767 ἐκ
477 704 540 788 τῆς
554 705 721 768 πολυτελ·
774 703 1190 789 σδαιπέφυκετοὶσῶματα
1204 705 1240 766 ἐκ
1251 714 1314 790 τῆς

129 886 131 888 ¹
183 809 255 880 είας
268 815 335 872 τῶν
355 809 568 897 βρωμάτων.
586 811 722 897 πᾶνγάρ
774 807 1006 880 πολυτελείας
1028 815 1093 872 τῶν
1113 808 1310 896 βρωμάτων.

182 914 379 1003 τορναντίον
407 914 437 976 οἱ
467 921 541 984 ταῖς
578 913 721 977 εὐτελε·
774 921 838 975 πᾶν
864 914 926 998 γοίρ
954 914 1155 976 τούναντίον
1184 915 1212 977 οἱ
1241 923 1314 986 ταῖς

183 1025 347 1090 στάταις
383 1020 555 1107 χρώμενοι
577 1026 723 1108 τροφαῖς
774 1015 1098 1090 εὐτελεστάτοις
1119 1021 1313 1107 χρώμενοι

182 1125 409 1211 ἰσχυρότατοί
443 1126 518 1193 εἰσι.
564 1123 631 1196 τοὺς
656 1131 722 1210 γοῦν
774 1129 919 1209 τροφαῖς
946 1124 1163 1211 ’ἰσχυρότεραί
1191 1125 1314 1186 εἰσικαὶ

183 1229 319 1299 οἰκέτας
354 1235 421 1292 τῶν
458 1229 632 1292 δεσποτῶν
676 1229 723 1291 καί
775 1225 944 1314 ὑγιεινότεροι
966 1228 1013 1290 καὶ
1034 1232 1215 1316 γενναιότεροι
1231 1229 1309 1311 (ubi-

182 1329 248 1402 τοδς
280 1334 405 1419 χωρίτας
437 1339 494 1396 τῶν
529 1337 650 1396 ἀστικῶν
676 1334 723 1396 καί
775 1351 834 1414 que
851 1332 1097 1415 comparativum
1121 1333 1257 1414 restitui)
1273 1331 1315 1401 ῶς
1418 1321 1420 1326 ’

181 1435 248 1506 τοὺς
269 1440 393 1521 πένητας
414 1444 471 1500 τῶν
493 1439 635 1502 πλουσίων
655 1439 723 1508 ἴδοις
775 1435 904 1496 οἰκέται
931 1434 1105 1498 δεσποτῶν
1130 1435 1177 1497 καί
1198 1436 1314 1523 γεωργοί

183 1545 217 1605 ἂν
240 1540 281 1612 ῶς
303 1542 347 1606 ἐπὶ
368 1543 400 1605 τὸ
415 1545 546 1608 πλεῖστον
561 1545 721 1631 ρωμαλεω-
774 1542 930 1625 κτητόρων.
959 1539 1006 1602 καί
1033 1539 1065 1602 οὐ
1096 1543 1181 1621 μόνον
1215 1544 1312 1662 ρωμα-

182 1649 280 1734 τέρους
303 1649 387 1717 ὄντας
407 1649 471 1758 κτλ
525 1638 528 1644 ’
773 1644 917 1730 λεῶτεροι,
943 1645 1084 1706 ἀλλὰκαὶ
1103 1647 1312 1732 φρονιμώτεροι,

773 1747 814 1818 ὡς
851 1750 1001 1836 φιλόσοφοι
1032 1749 1202 1811 πλουσίων.

285 1850 368 1918 Num
402 1873 513 1919 censes
548 1852 629 1918 hanc
663 1852 920 1969 philosophorum
955 1851 1081 1917 laudem
1116 1851 1311 1918 Clementem

184 1953 369 2021 addidisse?
406 1954 538 2021 Minime
564 1974 648 2021 vero.
692 1955 756 2036 At,
774 1955 800 2021 si
829 1955 897 2040 ipse
925 1974 988 2019 non
1015 1953 1149 2036 addidit,
1176 1974 1216 2018 ex
1242 1951 1312 2016 Mu

185 2057 266 2122 sonii
291 2055 416 2140 quidem
445 2058 549 2142 capite
575 2077 595 2122 a
621 2056 707 2123 Stob.
734 2056 849 2123 tradito
877 2056 1020 2121 hausisse
1043 2074 1105 2121 non
1133 2059 1247 2140 potest.
1273 2087 1311 2102 -—

268 2157 365 2224 Porro
402 2157 482 2224 Mus
520 2167 659 2240 auctore,
697 2157 823 2224 etiamsi
861 2156 980 2222 nullum
1015 2159 1138 2242 corpori
1161 2156 1312 2222 damnum

182 2260 311 2346 pretiosi
333 2261 473 2344 variique
496 2261 558 2325 cibi
581 2259 740 2342 afferrent,
763 2265 870 2324 tamen
895 2261 959 2326 viro
982 2260 1082 2344 probo
1105 2257 1315 2378 praeferende

183 2369 267 2428 esset
287 2361 408 2446 εὐτελὴς
430 2362 533 2449 τροφὴ,
558 2363 599 2425 ὅτι
622 2361 695 2447 αυτιγ
718 2365 965 2450 σωφρονικωτέρα.

180 2465 228 2526 ίνα
249 2463 280 2528 δὲ
302 2465 430 2530 συνελὼν
453 2468 522 2530 εἴπω
537 2468 599 2554 περὶ
612 2469 725 2554 τροφῆς
748 2471 751 2558 γ
777 2464 824 2530 (ll.
847 2465 929 2549 11‚2
952 2465 984 2528 τὸ
1006 2461 1074 2528 δὲ
1060 2485 1092 2526 εκ
1115 2464 1188 2526 δυεῖν
1210 2485 1242 2526 το
1234 2462 1315 2546 ζῆν

182 2568 213 2630 τὸ
247 2580 311 2647 πᾶν,
347 2572 421 2658 φημί
453 2572 510 2635 δεῖν
540 2572 644 2634 σκοπὸν
671 2570 724 2655 μὲν
775 2576 867 2645 τοῦτο,
907 2568 1034 2653 ὑγιείας
1069 2590 1100 2631 τε
1136 2569 1183 2630 καί
1219 2568 1317 2653 ἰσχύος

183 2672 273 2758 αὐτῆς
294 2676 432 2739 ποιεῖσδαι
460 2675 587 2761 ὑγίειάν
611 2677 724 2739 τεκαὶ
775 2675 922 2758 σύγκειται,
947 2677 987 2745 οἷς
1014 2675 1139 2758 μάλιστα
1164 2673 1315 2754 κατάλλη-

108 2787 112 2794 “
181 2778 293 2864 ἰσχύν,
317 2780 359 2846 ad
381 2799 462 2864 quae
477 2780 621 2867 paranda
636 2780 723 2845 nulla
774 2779 827 2842 λον
849 2785 902 2863 τῆς
923 2782 1035 2867 τροφῆς
1049 2779 1088 2841 ’τὸ
1111 2777 1229 2840 εὔκολον
1251 2777 1314 2838 κτλ.

184 2901 263 2968 opus
293 2891 342 2950 est
367 2883 501 2948 luxurie.
523 2919 565 2930 -
588 2881 676 2950 Haec
703 2881 744 2948 de
773 2884 865 2949 victu.
914 2883 1068 2952 Vestitum
1096 2881 1196 2966 (Stob.
1219 2881 1243 2964 I,
1273 2883 1313 2945 37

182 3082 365 3152 agriculturae
384 3084 587 3139 continentibus
606 3088 738 3154 excerpts
754 3089 819 3138 sunt
837 3101 889 3154 qae
914 3087 1030 3158 praebet
1051 3084 1129 3140 Stob.
1147 3084 1199 3137 sub
1219 3083 1263 3138 tit.
1282 3084 1316 3138 56

182 3166 245 3237 περὶ
262 3169 397 3239 γεωργίας
414 3167 452 3222 ὅτι
475 3164 591 3240 ἀγαθόν.
627 3170 709 3223 Alius
726 3170 804 3224 locus
823 3172 973 3224 communis
991 3188 1008 3224 a
1026 3171 1096 3224 Mus.
1114 3173 1249 3222 tractatus
1274 3171 1317 3222 ost
1421 3227 1426 3236 ,

183 3253 217 3306 de
235 3254 331 3307 exsilio
344 3253 457 3308 ferendo
474 3254 509 3307 de
528 3270 582 3322 quo
600 3269 654 3309 non
671 3255 742 3308 male
761 3256 820 3322 agit
837 3253 943 3309 Greard
961 3255 1003 3309 De
1025 3255 1054 3309 la
1077 3253 1179 3307 morale
1198 3253 1232 3306 de
1251 3253 1315 3306 Plu·

182 3343 280 3406 tarque
298 3339 378 3393 Psris
403 3339 469 3393 1874
491 3356 517 3409 p.
536 3339 595 3394 215.
621 3339 704 3393 Hunc
725 3339 808 3408 igitur
829 3339 920 3394 locum
942 3343 1096 3394 tractarunt
1117 3342 1227 3408 praeter
1244 3337 1315 3396 Mus.

183 3422 272 3492 (Stob.
290 3423 327 3488 ΙΙ,
347 3423 459 3492 70-75)
476 3423 568 3488 Teles,
585 3439 665 3492 quom
683 3423 754 3480 Mus.
773 3424 875 3492 legisse
893 3423 1002 3479 ridetur
1020 3424 1111 3488 (Stob.
1128 3423 1165 3489 ΙΙ,
1184 3424 1239 3489 65),
1258 3422 1315 3478 Oic.

172 3559 176 3566 ,
181 3507 277 3578 parad.
288 3509 306 3562 4
318 3509 401 3563 Tusc.
414 3509 452 3572 V.
468 3509 609 3573 tot-109,
623 3509 695 3564 Plut
713 3507 777 3578 περὶ
789 3510 885 3579 φυγῆς,
905 3509 969 3564 Seu.
981 3509 1017 3563 ad
1029 3509 1109 3564 Helu.
1123 3513 1150 3562 et
1164 3508 1225 3562 aliis
1238 3508 1315 3574 locis,

181 3609 250 3662 quos
268 3594 424 3666 composuit
440 3592 532 3648 Zeller
548 3596 643 3665 ρ.,716
657 3594 720 3650 adn.
732 3597 758 3650 4.
784 3595 893 3666 Ubique
910 3596 1021 3648 easdem
1035 3595 1185 3649 sententias
1199 3593 1316 3648 inveniri

182 3693 235 3732 non
253 3677 349 3732 mimm
363 3682 415 3744 est,
428 3679 452 3732 si
465 3678 626 3748 respicImus
640 3677 698 3735 Gic.
712 3680 793 3733 Tusa
806 3679 858 3744 ΙΙΙ,
871 3679 902 3733 81
923 3680 1088 3751 ‚seperatim
1102 3683 1192 3733 certae
1206 3678 1315 3732 scholae

183 3765 247 3816 sunt
264 3763 298 3816 de
317 3762 431 3818 exsilio¹‘
450 3763 492 3833 (cI.
511 3764 640 3834 Bywster
657 3763 795 3819 Heracliti
812 3763 844 3820 fr.
862 3765 949 3834 prael.
966 3782 993 3835 p.
1011 3765 1059 3832 X).
1085 3765 1147 3819 Has
1164 3765 1315 3818 sententias

182 3846 329 3902 sollemnes
352 3847 481 3918 colligere
500 3845 600 3920 operae
618 3849 735 3919 pretium
755 3852 807 3916 ost,
826 3852 857 3901 ut
874 3865 957 3918 ssepe
975 3853 1038 3904 sunt
1056 3849 1192 3902 collectae
1205 3853 1315 3901 senten-

180 3932 237 3986 tiae
256 3931 473 3987 consolationum
491 3933 626 4004 propriae.
657 3934 746 3988 Locos
765 3951 782 3987 s
800 3933 921 3988 Stobaeo
938 3933 1064 3988 laudatos
1082 3935 1133 3988 sub
1151 3933 1194 3987 ttt.
1206 3935 1241 3986 40
1252 3930 1315 4001 περὶ

180 4012 255 4080 ξένης
273 4033 307 4070 ex
324 4017 428 4072 talibus
446 4017 548 4073 libellis
565 4017 675 4072 fluxisse
690 4018 785 4072 videor
796 4018 864 4071 mihi
874 4018 999 4073 demonst
987 4023 1059 4072 trs're
1072 4033 1162 4088 posse.
1189 4016 1315 4084 Denique

182 4097 217 4155 'de
240 4101 409 4172 φιλαδελφίᾳ
432 4103 489 4170 egit
511 4103 583 4159 Mus.
607 4103 696 4170 (Stob
715 4103 767 4167 ΙΙΙ,
788 4103 847 4171 129)
871 4103 908 4157 cI.
925 4103 997 4157 Plut.
1017 4103 1124 4168 librum,
1146 4102 1217 4158 Xon.
1235 4117 1314 4157 mem.

182 4186 220 4253 II,
238 4189 263 4251 3,
284 4187 379 4256 ler.
397 4185 478 4252 VIII,
496 4189 521 4252 Ι,
542 4189 581 4252 15,
601 4186 677 4256 seon.
695 4187 737 4241 tit.
756 4187 798 4241 84.
