3218 4896
752 295 966 358 „24-

297 501 336 550 oc
364 481 511 550 describit
536 482 698 550 Musonius
720 501 816 565 quem
838 479 1010 546 Clementis
1033 485 1150 545 auctor.
1174 476 1360 546 Proliciscar
1382 475 1422 542 ab

297 585 343 652 sis
366 603 445 668 queo
468 583 508 650 de
531 585 614 650 victu
636 583 799 650 Musonius
827 580 920 647 docet
946 579 1046 664 (Stob.
1071 579 1164 647 Μυῖα.
1188 577 1211 662 Ι,
1233 598 1265 664 p.
1288 578 1352 642 285
1374 576 1421 642 tie

298 688 349 766 17,
371 687 413 750 43
436 690 470 752 et
490 688 552 750 297
576 687 622 752 tit.
647 687 698 768 18,
720 684 790 766 38l:
825 683 921 749 Cibus
944 683 1015 749 vilis
1036 683 1184 768 pretioso,
1211 680 1322 748 obrius
1351 697 1422 744 raro

296 785 521 872 praeferendus
548 792 597 853 est
618 786 692 867 (11.
716 787 779 849 285
802 785 905 870 εὐτελῆ
928 791 982 869 τῆς
1003 785 1180 854 πολυτελοῦς
1203 833 1209 847 .
1236 832 1242 846 .
1269 830 1276 845 .
1302 781 1349 845 καὶ
1370 780 1423 864 την

296 889 456 976 εὐπόριστον
482 896 536 974 τῆς
562 890 741 978 δοςπορὶστου
768 889 807 954 cf.
838 887 885 953 (il.
905 885 946 969 ΙΙ,
970 887 1010 952 15
1040 908 1070 973 p.
1096 889 1157 952 173
1180 887 1214 954 P.
1238 887 1267 951 ἐν
1295 885 1423 968 εὐτελείᾳ

297 995 421 1081 σώφρονι
449 996 509 1057 121
533 1013 563 1077 p.
587 995 650 1057 243
674 992 707 1059 P.
731 990 782 1072 ΙΙΙ,
807 1010 834 1054 c.
858 989 902 1074 7).
946 987 1026 1054 Tum
1052 996 1219 1075 postquam
1246 989 1327 1057 dixit
1353 1008 1423 1056 esee

297 1100 471 1185 aptissimo,
493 1115 573 1180 quae
596 1096 767 1179 gignuntur
788 1113 829 1158 ex
850 1096 937 1157 terro
961 1091 1012 1158 rel
1040 1097 1192 1177 parentur
1212 1113 1233 1159 α
1255 1092 1332 1159 viris
1355 1092 1423 1156 uui·

297 1201 432 1267 malibus
455 1197 515 1284 (Ol.
538 1197 577 1281 ΙΙ,
601 1199 668 1282 15),
690 1198 737 1264 sic
759 1195 875 1283 pergit:

297 1346 423 1408 τούτων
460 1343 495 1409 δὲ
537 1350 603 1407 τῶν
642 1343 833 1431 βρωμάτων
888 1336 934 1403 Gl.
949 1341 990 1403 15
1006 1343 1072 1401 τῶν
1094 1344 1216 1427 χόρτοι
1235 1340 1423 1428 βρωμάτων

298 1449 557 1532 ἐπιτηδειότατα
584 1450 659 1530 μέν,
695 1450 743 1518 οἷς
777 1447 834 1510 αδ·
887 1441 1165 1526 ἐπιτηδειότατα,
1200 1447 1249 1516 οἷς
1276 1445 1423 1508 αότόδεν

297 1555 399 1617 τόδεν
422 1553 575 1640 χρῆσθαι
598 1551 740 1640 ὑπάρχει
759 1553 836 1637 δίχα
887 1568 938 1633 χρ.
964 1545 988 1609 ὑ.
1013 1548 1038 1610 δ.
1062 1570 1114 1624 π.,
1142 1550 1215 1612 ἐπεὶ
1248 1551 1303 1616 καὶ
1337 1551 1423 1613 ἑτοι·

297 1661 413 1745 πυρός,
438 1657 509 1719 ἐπεὶ
531 1657 587 1720 καὶ
608 1656 835 1739 ἑτοιμότατα·
887 1654 1034 1738 μότερα.
1062 1653 1179 1742 δεύτερα
1211 1653 1243 1717 δὲ
1276 1655 1313 1717 τά
1346 1655 1423 1718 εὐτε-

298 1763 342 1824 οἷα
368 1761 405 1845 δὴ
434 1766 474 1823 τά
500 1782 536 1823 τε
559 1760 669 1848 ὡραῖα
702 1763 749 1824 καὶ
779 1769 836 1824 των
886 1755 1010 1843 λέστερα
1020 1758 1083 1821 κτλ.
1101 1771 1195 1824 antea
1209 1758 1307 1842 βολβοί
1321 1759 1423 1835 ἐλαῖαι,

297 1865 459 1952 λαχάνων
494 1865 563 1927 ἔνια
598 1867 645 1928 καὶ
671 1867 762 1951 χάλα
789 1866 836 1928 καὶ
887 1859 1052 1945 λαχάνων
1075 1862 1157 1938 ἔνια,
1186 1864 1290 1947 χάλα,
1314 1865 1423 1952 τυρός,

297 1970 397 2058 τυρός
419 1969 465 2032 καὶ
487 1971 588 2058 κηρία
611 1977 670 2036 etc,
887 1969 928 2026 τά
964 1987 1000 2028 τε
1038 1965 1146 2055 ὡραῖα
1174 2016 1180 2030 .
1211 2017 1217 2031 .
1248 2016 1255 2030 .
1281 1969 1422 2055 κηρίων.

887 2067 976 2134 Alius
988 2067 1040 2135 hic
1055 2069 1131 2137 ordo
1148 2079 1197 2138 est
1211 2070 1297 2158 epod
1312 2069 1424 2154 illem,

886 2167 944 2234 scd
972 2171 1042 2256 ipse
1072 2191 1195 2256 quoque
1224 2174 1423 2259 aptissimum

887 2269 972 2337 uude
1020 2273 1174 2340 concludo
1225 2272 1423 2341 Clementem

888 2368 967 2439 haec
989 2354 1053 2441 υάυ
1076 2376 1248 2462 sumpsisse
1264 2397 1304 2443 ex
1322 2376 1425 2463 eapite

888 2473 973 2558 apud
995 2473 1080 2544 Stob.
1104 2475 1233 2546 tradito.

340 2583 392 2668 τὴν
436 2586 529 2667 μέντοι
572 2583 684 2669 κρεώδη
727 2581 836 2670 τροφὴν
933 2585 972 2647 11
994 2605 1026 2671 p.
1052 2590 1111 2652 171
1135 2587 1170 2654 Ρ.
1186 2587 1285 2655 Recte
1306 2588 1425 2675 Pytho-
1520 2637 1522 2644 ·

298 2687 580 2776 δηριωδευτέραν
618 2689 746 2774 ἀπέφηνε
790 2687 837 2748 καὶ
888 2687 975 2766 gorei
998 2685 1125 2774 (quibus
1147 2690 1282 2756 Paulum
1309 2690 1426 2757 adiecit

299 2799 359 2861 τοῖς
382 2794 485 2880 άχρίυιτ
520 2793 609 2863 ζώοις
638 2795 834 2879 προςρορωτέ-
889 2782 1049 2873 Clemens)
1119 2790 1235 2859 docent
1297 2811 1425 2859 earnem

297 2918 357 2983 ραν.
394 2898 461 2959 εἶναι
488 2895 518 2959 δὲ
551 2898 656 2980 ταύτην
682 2896 763 2979 ἔλεηε
789 2897 836 2958 καὶ
888 2885 1045 2955 edendam
1073 2910 1136 2956 non
1170 2913 1249 2961 esse.
1294 2895 1425 2982 θηρίων

297 2998 452 3088 βαρυτέραν
486 3002 532 3063 καὶ
564 2995 605 3086 τῷ
636 3007 708 3063 νοεῖν
738 3020 763 3061 τι
789 3000 837 3062 καὶ
887 2991 947 3076 lde·
964 2992 1078 3073 μᾶλλον
1100 2999 1183 3058 τοῦτο’
1205 3019 1236 3080 ηε
1258 2999 1306 3062 καὶ
1327 3000 1347 3084 ἡ
1371 2997 1423 3062 ἀπ’

298 3104 835 3192 φρονεῖνέρπόη,ον,τὴοηᾱρἀνα.
889 3095 998 3157 αὐτῶν
1042 3099 1274 3184 άναδυρὶαυις
1310 3104 1425 3166 δολω·

296 3209 465 3294 θυρίαυιν
491 3209 552 3295 τὴν
575 3206 748 3294 άπάὐτης
775 3209 836 3271 lle-
888 3200 1024 3287 δευτέρα
1060 3202 1144 3267 oliuo
1178 3205 1348 3272 ἐπισκοτεῖ
1382 3212 1426 3292 τῇ

296 3313 514 3401 λωδευτέραν
530 3315 633 3378 οὖσαν
648 3314 836 3377 ἐπισκοτεῖν
889 3297 993 3390 4⁰11}-

297 3426 337 3500 τη
359 3416 448 3502 ψυχῇ.
719 3506 724 3516 ρ
933 3414 1032 3481 (ilem.
1055 3413 1093 3497 ll,
1109 3418 1151 3480 29
1173 3438 1204 3501 p.
1223 3420 1285 3483 184
1299 3419 1335 3485 Ρ.
1352 3439 1424 3485 cum

340 3518 441 3586 Homo
476 3519 542 3585 deis
573 3518 836 3585 familiarissimus
890 3526 1006 3598 monet,
1034 3537 1076 3582 ne
1102 3518 1196 3584 nimis
1220 3521 1292 3586 rino
1315 3521 1426 3603 irrige-

297 3623 349 3686 ssl
374 3639 413 3685 cc
440 3619 535 3685 debet
562 3621 671 3684 nutriri
693 3620 836 3686 similiter
889 3638 968 3698 mur,
996 3617 1077 3700 'ergo
1111 3618 1174 3684 elie
1213 3641 1308 3704 quem
1345 3615 1426 3690 Mus.

296 3719 381 3800 deis,
419 3722 470 3806 qui
508 3741 639 3807 vapores
678 3722 834 3787 hauriunt.
888 3719 974 3806 opud
1003 3720 1089 3788 stou.
1120 3723 1287 3788 occasione
1309 3724 1425 3810 pergit:

295 3823 369 3886 οὕτω
392 3819 417 3886 δ’
431 3826 465 3886 ἂν
488 3825 534 3887 καὶ
555 3825 608 3908 τὴν
631 3824 724 3910 ψυχὴν
750 3824 835 3907 ημῶν
888 3822 961 3885 οὓτω
989 3819 1015 3885 δ’
1028 3825 1062 3884 ἂν
1103 3823 1197 3908 καὶὴ
1228 3825 1305 3911 ψυχὴ
1343 3827 1427 3910 ἡμῶν

296 3925 457 4013 ὑπάρχειν
498 3930 657 4016 καδαράν
701 3949 738 3991 τε
781 3929 836 3990 καὶΙ
889 3916 1033 4014 ὑπάρξαι
1070 3927 1209 4016 καδαρό
1246 3930 1301 3991 καὶ
1339 3919 1427 4018 ξηρά

294 4018 416 4118 ξηράν,
442 4036 477 4097 ut
500 4031 675 4098 Heraclitus
699 4033 794 4098 iubet.
888 4033 935 4094 καὶ
971 4030 1137 4119 ρωτοτιδήτ,
1175 4039 1241 4096 ium
1276 4031 1427 4099 Heracliti

889 4135 1007 4212 (lictum
1031 4135 1179 4216 sequitur.
