3218 4896
760 281 970 343 „32-

303 463 351 526 καί
383 464 492 546 μηδένα
524 472 581 530 τῶν
606 468 728 543 πέλας,
757 465 839 530 ἀλλ’
893 468 1109 553 ἁμαρτάνων,
1132 465 1210 553 παρ’
1226 468 1303 528 ὅσον
1319 468 1427 553 ἁμαρ-

304 566 405 632 αὑτόν
447 591 483 651 με
526 576 660 641 πάντωτ
701 571 846 659 χείρονα
891 577 997 646 τάνττ,
1021 573 1144 660 χείρων
1166 571 1430 658 καίάττμότερος

305 674 507 760 ἀποφαίνων
543 675 599 738 καί
629 679 837 764 ἀτιμότερον.
892 675 977 746 αὐτὸς
1017 675 1112 750 αὑτοῦ,
1153 681 1266 744 πάντως
1305 673 1336 738 δὲ
1370 675 1428 758 ἠδη

303 778 318 840 ὀ
340 779 403 864 ράρ
426 781 643 866 ἁμαρτάνων,
667 780 741 868 παρ’
761 781 840 845 ὅσον
891 802 943 844 που
958 781 1006 844 καί
1020 781 1194 844 ἀκολασία
1209 784 1368 868 πρότεσττ
1383 778 1429 864 tq*

304 884 507 969 ἁμαρτάνει,
535 886 661 971 χείρων
687 886 734 948 καί
767 890 840 948 cirr-
891 885 1087 970 ἡττωμένῳ
1119 885 1264 972 αἰσχρᾶς
1289 885 1426 968 ἡδονῆς.

303 989 456 1074 μότερος.
482 989 528 1051 ἵνα
555 988 604 1052 οὖν
630 989 669 1051 ἐῶ
695 991 755 1075 την
782 992 839 1054 ἀδι-

302 1090 375 1166 κίαν,
398 1090 467 1155 ἀλλ’
491 1094 680 1157 ἀκολασίαν
706 1117 737 1178 με
763 1105 841 1158 πάαα

304 1197 413 1279 ἀνάγκη
447 1201 562 1268 πάντως
593 1206 764 1286 προςείναι
796 1191 843 1285 τῷ

303 1301 490 1388 ἡττωμένῳ
524 1304 670 1390 αἰσχρᾶς
696 1303 839 1388 ηάονής.

390 1403 437 1470 De
459 1407 657 1472 matrimonio
674 1406 775 1474 Clam.
799 1408 865 1489 agit
880 1409 975 1474 etiam
998 1405 1152 1474 Strumll
1174 1426 1201 1472 c.
1218 1408 1269 1470 23.
1287 1406 1427 1472 Stoicum

303 1512 463 1576 auctorem
499 1506 549 1572 hic
582 1509 622 1574 ab
657 1528 694 1574 co
729 1511 932 1594 compilatum
968 1529 1039 1576 esse
1073 1515 1221 1596 apparet,
1250 1509 1278 1574 si
1310 1508 1430 1573 similes

303 1607 447 1673 conferas
474 1608 613 1695 Epicteti
641 1610 870 1695 disputationes
897 1612 921 1696 Ι,
943 1614 985 1676 23
1012 1610 1050 1693 ΙΙ,
1072 1614 1094 1675 4
1121 1610 1158 1693 ΙΙ,
1181 1612 1234 1695 23,
1257 1612 1298 1674 38
1323 1609 1374 1690 ΙΙΙ,
1397 1612 1428 1691 7,

302 1711 345 1774 20
372 1716 430 1776 etc.
460 1718 492 1776 et
519 1703 659 1778 Senecae
694 1713 732 1777 de
768 1716 966 1781 matrimonio
999 1715 1070 1779 libri
1103 1711 1318 1798 fragmenta).
1362 1711 1427 1784 Iam

302 1832 375 1878 vero
398 1814 541 1895 congruit
562 1813 653 1880 buius
676 1815 787 1898 capitis
810 1835 881 1881 curn
905 1818 1068 1881 universus
1089 1822 1180 1880 tenor
1202 1821 1268 1880 tum
1285 1814 1429 1896 singulae

302 1916 479 1981 sentcntiae
503 1935 575 1981 cum
597 1915 751 1983 Musonio.
799 1917 916 1982 Similis
946 1917 1072 2001 quidem
1101 1917 1214 2000 legitur
1236 1917 1428 1982 matrimonii

302 2015 442 2083 definitio
466 2020 584 2098 (strom.
601 2017 638 2100 ΙΙ,
656 2021 716 2083 137
732 2041 762 2106 p.
780 2021 842 2096 502
859 2020 896 2102 Ρ)
920 2029 952 2086 et
974 2040 1012 2084 ex
1036 2020 1175 2104 corporis
1198 2025 1312 2084 natura
1335 2025 1428 2102 atque

302 2119 495 2184 institutione
529 2119 561 2184 id
588 2122 756 2187 convenire
784 2123 902 2192 bomini
930 2120 1109 2188 ostenditur
1137 2123 1215 2204 <139
1243 2140 1273 2204 p.
1302 2121 1365 2184 503
1393 2118 1427 2184 P.

301 2218 380 2285 Mus.
409 2219 495 2305 apud
523 2219 608 2286 Stob.
635 2220 686 2304 ΙΙΙ,
715 2223 762 2304 4).
808 2223 903 2300 Porro
931 2224 1082 2307 probatur
1110 2230 1259 2306 qnantum
1294 2223 1426 2306 patriae,

300 2323 425 2403 generis
447 2321 585 2404 humani,
601 2336 726 2391 nostrae
749 2325 866 2391 salutis
880 2325 1004 2391 intersit
1026 2324 1257 2388 matrimonium
1282 2323 1424 2388 contrahi

301 2423 340 2489 cf.
364 2423 443 2489 Mus.
468 2425 553 2510 apud
576 2425 662 2492 Stob.
677 2425 734 2509 ΙΙΙ,
750 2448 780 2512 ρ.
794 2430 823 2491 5.
840 2427 869 2491 6.
894 2425 1045 2494 Maiorem
1070 2425 1196 2510 quidem
1218 2425 1338 2490 nullam
1355 2445 1425 2492 esse

301 2526 471 2594 amicitiam
496 2547 535 2592 ea
557 2547 637 2611 quae
660 2548 731 2594 cum
759 2549 856 2594 uxore
880 2529 1098 2610 coniungatur,
1121 2527 1238 2592 nullam
1263 2527 1424 2592 meliorem

301 2646 409 2693 curam
438 2649 476 2694 ea
503 2648 596 2712 quam
625 2631 736 2695 mulier
764 2631 954 2714 praesertim
980 2636 1108 2711 aegroto
1131 2635 1271 2715 praestet
1293 2628 1370 2712 (140
1392 2649 1422 2712 p.

300 2731 364 2792 504
386 2729 420 2796 P.
456 2730 535 2796 Mus.
565 2730 649 2815 apud
678 2731 763 2796 Stob.
791 2730 842 2811 ΙΙΙ,
869 2733 936 2812 26).
984 2729 1126 2815 Uterque,
1152 2727 1298 2797 similiter
1330 2730 1424 2811 legis-

299 2830 434 2898 latorum
472 2834 656 2898 auctoritate
694 2833 862 2897 confirmat
897 2833 1084 2898 sententiam
1123 2852 1211 2898 suam
1248 2843 1281 2897 et
1316 2830 1425 2904 laudat

301 2933 500 2998 concordiam
525 2935 628 2998 mariti
651 2936 819 3018 uxorisque
842 2933 954 3018 (Clem.
974 2936 1044 2999 141.
1070 2936 1130 2998 143
1145 2955 1176 3020 p.
1201 2935 1262 2998 105
1286 2931 1320 2998 Ρ.
1344 2932 1422 2997 Mus.
1489 2997 1503 3022 .

300 3035 385 3121 apud
407 3036 491 3101 Stob.
516 3034 567 3117 ΙΙΙ,
591 3039 633 3100 74
655 3045 686 3102 et
708 3036 773 3122 33).

385 3135 449 3203 Iam
485 3139 601 3204 contuli
636 3138 808 3204 Clementis
842 3146 876 3205 et
910 3137 1044 3205 Musonii
1081 3139 1177 3220 locos,
1211 3157 1341 3222 quorum
1375 3137 1424 3201 vel

387 3393 405 3460 ¹)
424 3393 466 3446 ed.
485 3393 581 3446 Haase
600 3392 652 3446 vol.
671 3392 722 3456 ΙΙΙ,
740 3407 767 3462 p.
785 3393 843 3446 498.
881 3393 908 3446 Is
934 3392 993 3462 ipse
1021 3407 1129 3461 quoque
1156 3395 1250 3446 contra
1276 3390 1424 3460 Epicurum

299 3477 421 3546 disputat
434 3481 449 3539 3
461 3478 494 3531 45
508 3477 542 3530 cf.
556 3477 640 3532 Olem.
654 3481 746 3531 strom.
760 3477 796 3540 ΙΙ,
809 3478 864 3531 138.
883 3477 960 3531 Idem
973 3481 988 3542 ξ
1001 3477 1046 3532 85ε
1064 3476 1148 3542 „nibil
1163 3479 1205 3530 est
1224 3475 1331 3528 foedius
1344 3490 1423 3543 quam

298 3580 409 3616 uxorem
428 3580 519 3616 amare
539 3564 616 3634 quasi
635 3563 796 3617 adulteram.
829 3564 908 3618 Certo
928 3564 972 3632 qui
993 3563 1088 3616 dicunt
1106 3579 1135 3616 se
1154 3579 1237 3616 causa
1256 3561 1423 3630 reipublicae

297 3652 327 3701 et
348 3650 456 3716 generis
480 3649 590 3701 humani
613 3648 742 3701 uxoribus
766 3647 842 3715 iungi
865 3651 894 3701 et
917 3647 1018 3702 liberos
1040 3648 1145 3713 tollere,
1168 3647 1310 3702 imitentur
1327 3646 1423 3700 saltem

297 3733 419 3803 pecudes
438 3739 467 3786 et
484 3738 629 3802 postquam
647 3748 761 3786 uxorum
779 3737 875 3786 venter
885 3733 1052 3797 intumuerit,
1070 3749 1124 3786 non
1136 3733 1253 3802 perdant
1265 3731 1352 3785 filioc‘
1370 3735 1424 3784 etc.

298 3820 362 3874 sen.
382 3823 396 3882 ξ
415 3821 448 3872 06
467 3819 501 3872 de
519 3817 664 3888 Eriphylae
682 3818 836 3888 proditione
861 3822 890 3872 et
912 3819 945 3871 de
962 3817 1029 3872 belli
1046 3818 1158 3872 Troiani
1175 3817 1278 3886 origine
1297 3816 1425 3870 similiter

298 3904 415 3973 loquitur
438 3908 521 3972 atque
545 3903 628 3958 Olem.
647 3903 726 3972 paed.
746 3904 782 3966 ΙΙ,
798 3904 845 3958 109
865 3920 891 3972 p.
908 3904 958 3958 236
978 3904 1009 3959 P.
1030 3904 1081 3968 ΙΙΙ,
1098 3904 1127 3958 13
1145 3919 1172 3972 p.
1190 3904 1240 3957 259
1255 3902 1285 3956 P.
1303 3902 1350 3956 84:
1379 3901 1424 3968 „iu

299 3990 389 4042 aliena
409 4003 494 4041 uxore
517 3988 605 4041 omnis
633 4002 709 4040 umor
740 3987 827 4056 turpis
860 3992 911 4053 est,
942 3988 969 4041 in
1001 4003 1052 4042 sua
1078 3988 1202 4042 nimius“.
1230 4016 1261 4025 -
1289 3986 1426 4041 Sciebant

299 4074 407 4126 omnino
429 4074 593 4142 posteriores
618 4073 705 4127 Stoici
727 4073 926 4127 matrimonium
951 4072 1140 4127 commendare
1161 4089 1183 4126 ν.
1202 4073 1279 4127 Stob.
1298 4072 1349 4127 ecl.
1369 4072 1425 4126 oth.
1517 4139 1522 4145 ⁴

299 4175 324 4230 p.
343 4159 376 4210 94
395 4161 423 4210 ct
443 4159 491 4211 109
511 4157 555 4212 W.
575 4157 630 4213 cic.
650 4157 684 4211 dc
702 4157 738 4212 fiu
758 4157 809 4223 ΙΙΙ,
827 4158 868 4212 68.
