3218 4896
741 296 990 368 -62ωΙ

284 491 421 577 Eunapii
457 501 489 560 ct
526 492 688 560 Themistii
726 491 927 578 (Nieuwland
965 514 996 578 p.
1030 493 1098 576 24),
1131 493 1281 578 probatur
1318 495 1415 559 ctiam

284 595 419 678 epistola
451 595 506 662 illa
533 595 810 678 Ps-Musoniana,
841 616 932 679 quem
966 615 986 662 a
1014 593 1242 680 Neoplatonico
1276 595 1414 678 quodam

284 697 493 783 compositam
515 718 587 766 esse
603 718 643 763 ex
658 700 803 764 universo
827 698 931 764 colore
948 697 1174 764 sententiarum
1190 698 1298 764 sentiri
1314 700 1415 778 magis

283 807 359 884 puto
381 819 476 884 posse
499 821 593 884 quam
611 802 704 866 certis
720 801 913 883 argumentis
930 799 1150 866 demonstrari.
1189 797 1299 883 Neque
1319 801 1414 882 igitur

284 903 395 968 mirum
420 910 469 970 est
490 903 679 985 Hieroclem,
703 904 755 987 qui
783 903 876 967 ctiam
900 903 931 966 in
957 902 1183 988 commentario
1210 901 1251 967 ad
1275 903 1413 968 Aureum

285 1025 415 1077 ¹carmen
437 1007 554 1072 stoicos
576 1013 722 1072 auctores
745 1025 862 1088 cosque
885 1025 981 1090 saepe
998 1005 1134 1088 optimos
1157 1010 1284 1070 secutus
1307 1015 1365 1086 est,
1381 1007 1414 1069 in

285 1107 559 1174 dissertationibus
583 1107 668 1193 apud
695 1105 779 1173 Stob.
804 1107 936 1172 servatis
958 1126 999 1172 ox
1021 1104 1100 1171 Mus.
1131 1105 1282 1173 hausisse.
1330 1107 1414 1172 (lorr-

285 1212 381 1276 scnt‘t
398 1217 518 1300 autern
552 1217 584 1276 ct
617 1231 688 1276 cum
722 1210 957 1276 commentariis
982 1208 1045 1274 illis
1073 1207 1260 1275 Stobaeanis
1289 1217 1414 1276 etcum

285 1312 457 1380 Clementis
479 1311 667 1396 Paedagogo
690 1313 710 1377 i.
734 1333 762 1377 e.
786 1332 856 1376 curn
881 1310 1016 1377 Musunii
1038 1311 1147 1393 Λόγοις.
1186 1310 1295 1378 Potest
1321 1313 1415 1394 igitur

284 1416 384 1481 videri
419 1422 451 1481 et
488 1414 624 1480 Musunii
664 1414 763 1499 ipsius
801 1435 879 1498 opus
917 1418 950 1479 et
986 1413 1133 1498 discipuli
1170 1417 1414 1481 commentarios

285 1517 475 1584 adhibuisse.
516 1517 579 1582 Sed
601 1517 686 1582 haud
709 1517 775 1583 scio
791 1537 831 1582 an
848 1517 950 1582 verius
966 1522 1140 1582 statuamus
1162 1515 1264 1582 solum
1281 1516 1415 1583 Musunii

284 1621 398 1694 librum
421 1621 539 1686 fontem
556 1619 710 1685 Hieroclis
726 1639 810 1700 csse;
834 1619 886 1684 ubi
909 1619 1068 1684 consentit
1082 1638 1152 1684 cum
1169 1621 1415 1702 commentariis,

285 1724 396 1790 horum
430 1729 591 1788 auctorem
625 1721 761 1788 Musunii
795 1721 908 1787 librum
936 1722 969 1785 in
997 1741 1086 1786 suam
1118 1742 1183 1787 rem
1213 1723 1415 1788 convertisse.

285 1826 479 1904 Quibusdam
505 1825 660 1910 capitibus
676 1824 837 1890 Hierocles
854 1823 929 1888 nihil
946 1824 1005 1888 nisi
1022 1822 1225 1890 Musonianus
1242 1826 1415 1890 sententias

284 1929 447 1996 verbosius
477 1928 614 2013 exponit.
651 1927 743 1993 Velut
769 1927 882 2011 capitis
908 1947 948 1991 ex
974 1924 1150 2012 Οἰκονομικῷ
1172 1929 1287 1992 servati
1314 1926 1415 2010 (Stob.

284 2030 483 2112 florlll,150)
496 2031 595 2094 maior
607 2049 680 2114 pars
693 2036 741 2095 est
752 2029 954 2114 paraphrasis
967 2016 1196 2096 dissertationis
1208 2029 1415 2094 Musonianae

285 2133 369 2218 apud
394 2133 479 2198 Stob.
504 2131 569 2196 flor.
594 2130 645 2214 lV,
662 2131 853 2213 arcesiti,
870 2133 932 2196 238
949 2131 995 2196 W.
1013 2153 1069 2215 sq.‚
1086 2133 1230 2197 similiter
1244 2131 1415 2196 cohaerent

285 2236 438 2302 Hieroclis
465 2236 526 2323 περὶ
552 2241 643 2319 γάμου
670 2235 755 2317 λόγος
782 2235 881 2318 (Stob.
906 2233 963 2300 flor
984 2233 1035 2317 ΙΙΙ,
1060 2237 1174 2300 7-11,
1199 2237 1251 2314 72)
1282 2241 1313 2300 et
1336 2233 1414 2300 MuS.

284 2338 370 2423 apud
404 2339 490 2406 Stob.
517 2338 568 2420 ΙΠ,
596 2341 691 2403 3-7.
719 2340 771 2404 26.
798 2340 851 2401 32.
881 2340 952 2403 129.
1003 2335 1113 2421 Neque
1146 2357 1226 2422 opus
1255 2341 1305 2402 est
1332 2336 1416 2402 hunc

277 2439 472 2508 ¹consensum
501 2441 677 2507 accuratius
706 2459 874 2524 exponere,
903 2458 1006 2530 quem,
1034 2441 1086 2522 qui
1110 2444 1233 2505 attente
1255 2439 1414 2522 utriusque

283 2543 443 2629 scriptoris
471 2545 577 2628 capita
603 2543 724 2624 legerit,
752 2541 845 2606 facile
875 2548 1036 2624 agnoscet.
1080 2541 1189 2624 ltaque
1218 2541 1321 2607 solum
1343 2539 1415 2606 Gle-

285 2654 424 2713 mentem
448 2666 519 2712 cum
542 2645 689 2712 Hierocle
713 2645 882 2710 conferam.
922 2642 981 2709 Hic
998 2643 1077 2728 (flor.
1101 2641 1153 2724 ΙΙΙ,
1171 2643 1245 2727 151)
1261 2645 1342 2710 inter
1358 2643 1415 2708 viri

284 2771 416 2816 munera
436 2755 583 2816 recenset
611 2750 735 2812 ἀλέσαι
758 2748 805 2811 καί
828 2755 906 2817 σταῖς
929 2738 1017 2830 μύξαι
1044 2748 1182 2833 λιασχίσαι
1204 2769 1236 2810 τε
1259 2737 1347 2820 ξύλα
1368 2747 1416 2810 καί

283 2855 372 2942 ύύιυρ
396 2857 559 2939 ἀνιμήσαι
583 2854 629 2917 καὶ
652 2854 739 2937 σκεύη
760 2855 922 2936 μεταθεῖναι
936 2841 1189 2925 καὶύιατινοῖξαι
1212 2854 1413 2939 στρώματα,

283 2959 322 3023 cl.
347 2957 394 3023 (ll.
418 2957 469 3040 lll,
493 2960 535 3022 50
558 2979 589 3043 p.
616 2960 680 3022 284
708 2959 732 3020 εἰ
759 2957 789 3021 δὲ
817 2957 865 3020 καὶ
892 2963 1040 3040 σκαπανης
1066 2960 1193 3042 ἅψαιντο,
1223 2952 1274 3020 οὐκ
1302 2956 1415 3041 ἀγεννές

282 3068 364 3125 τούτο
388 3065 609 3148 παρεμπόρευγια
631 3063 801 3146 οἰκονομικὸν
824 3063 975 3145 γυμνασίου
997 3069 1148 3149 γεωργικοῦ
1172 3065 1213 3147 (ν.
1237 3061 1323 3128 Hier.
1347 3061 1368 3128 l.
1387 3081 1412 3126 c.

283 3187 313 3251 p.
340 3167 424 3250 150).
461 3168 541 3229 ἀλλὰ
563 3169 617 3254 γάρ
641 3176 738 3255 μικροῖι
761 3170 816 3232 δεῖν
841 3169 947 3230 ἑλαύέν
971 3190 1007 3250 με
1030 3169 1112 3231 εἰπεῖν
1136 3169 1150 3231 ὁ
1174 3166 1315 3234 Πιττακὸς
1343 3165 1413 3228 ἐκεῖ·

282 3294 330 3341 νος
353 3273 394 3334 ὅτι
416 3273 548 3356 ἤλεθεν
572 3321 578 3334 .
606 3321 612 3335 .
638 3321 645 3334 .
670 3274 759 3336 καλὸν
782 3273 813 3336 λέ
836 3274 883 3335 καὶ
907 3273 995 3360 ύύαιρ
1019 3275 1185 3357 ἀνιμὴσᾰι
1208 3269 1242 3335 δι’
1258 3269 1345 3334 αὑτοῦ
1367 3269 1415 3332 καί

283 3366 370 3449 ξύλα
396 3377 544 3460 διατεμεῖν,
569 3379 611 3441 49
634 3379 819 3465 στρωμνὴν
850 3368 1066 3451 ἁνατινάξαι.
1111 3376 1208 3441 Porro
1231 3374 1316 3440 Hier.
1341 3374 1360 3438 l.
1386 3395 1412 3439 c.

283 3482 472 3567 ἐπιμετρῆσαι,
502 3484 611 3566 inquit,
634 3484 665 3546 δέ
692 3505 717 3544 τι
743 3483 790 3546 καὶ
816 3485 869 3567 τὴν
892 3491 1008 3566 γυναῖκα
1042 3484 1155 3568 πρέπον,
1192 3479 1267 3542 ὥστε
1296 3477 1336 3561 μὴ
1360 3479 1414 3560 τῆς

283 3587 423 3656 ταλασίας
449 3594 589 3650 κοινωνεῖν
617 3591 701 3670 μόνον
728 3595 790 3658 ταῖς
818 3589 1010 3676 θεραπαίναις,
1040 3587 1120 3649 ἀλλὰ
1147 3584 1194 3646 καὶ
1220 3589 1277 3646 τῖον
1312 3583 1413 3646 ἄλλοιν

283 3694 372 3780 έργοιν
406 3698 463 3754 aba
498 3692 717 3779 ἐπανλροτέρυιν.
753 3692 800 3754 καὶ
832 3695 885 3780 γαίρ
914 3687 1070 3761 σιτοπονίας
1097 3691 1227 3778 ἅψασθαι
1254 3689 1328 3750 κατὰ
1362 3687 1414 3770 τὴν

283 3800 439 3886 ἐλευθέραν
463 3799 532 3861 εἷναί
555 3821 600 3880 μοι
623 3798 766 3860 δοκεῖκαὶ
789 3797 863 3885 ύλυιρ
888 3800 1021 3883 αἰνιμὴσαι
1044 3847 1051 3860 .
1077 3846 1084 3859 .
1110 3846 1117 3858 .
1142 3797 1189 3858 καί
1211 3795 1310 3877 κλίνην
1325 3815 1413 3855 κατα·

284 3911 408 3991 στριῑισαι
430 3904 477 3966 καὶ
498 3912 552 3965 πᾶν
575 3903 607 3970 τύ
630 3904 736 3972 τούτοις
758 3903 847 3972 ἐοικός
870 3902 916 3968 cl.
940 3901 991 3984 ΙΙΙ,
1015 3905 1056 3966 49
1079 3904 1131 3971 τοὶς
1152 3908 1284 3985 γυναῖκας
1307 3949 1314 3962 .
1340 3949 1346 3961 .
1372 3947 1378 3960 .
1405 3947 1411 3960 .

282 4010 482 4096 ταλασιουργίιγ
508 4011 680 4092 γυμναστέον
707 4009 754 4070 καί
781 4008 920 4095 ίστουργίᾳ
947 4007 994 4068 καὶ
1019 4007 1061 4092 τῴ
1082 4009 1260 4094 παραστῆναι
1286 4003 1326 4087 τῇ
1348 4025 1413 4066 πετ-

283 4117 382 4198 τούσγγ,
406 4117 430 4176 εί
452 4115 516 4177 δέοι.
546 4113 584 4176 ἔτι
611 4113 641 4176 λέ
669 4114 855 4200 αὐτουργικῖος
882 4113 1060 4200 προκομίζειν
1083 4111 1141 4198 χρὴ
1164 4111 1196 4173 ἐκ
1218 4117 1268 4172 τοῦ
1289 4110 1413 4192 ταμιείου

283 4223 335 4294 τοῖς
367 4227 498 4305 γυναῖκας
531 4219 571 4280 ὠν
605 4219 731 4301 δεόμεθα
765 4218 812 4281 καὶ
845 4216 886 4302 τῷ
908 4218 991 4301 μύλιμ
1018 4217 1184 4304 προςελύεῖν
1213 4215 1262 4277 οὐκ
1296 4214 1413 4301 αἰσχρὸν
