3218 4896
639 264 852 326 -nn-
1132 265 1158 316 υ

178 449 214 516 ἀὲ
237 449 504 538 ὠφελιμώτερον
536 456 586 512 τοῦ
611 448 719 536 περιβε-
772 453 812 520 είς
838 451 964 520 λίθους
990 450 1037 512 καὶ
1063 452 1177 537 χρυσίον
1203 450 1241 512 τὸ
1264 451 1312 519 εἰς

179 554 308 639 βλῆσθαι
335 555 465 638 μεχάλην
495 554 719 617 οίκίαντάκε-
772 555 1013 642 ἀνθρώπους
1057 553 1310 632 ἀναλίσκεινς

179 659 305 743 κπησθαι
342 659 443 744 φίλους
478 657 619 741 πολλούς;
653 660 720 747 ὅπερ
771 663 867 745 πόσιμ
894 658 931 722 δὲ
958 659 1227 746 ὠφελιμώτερον
1254 663 1311 719 τῶν

178 764 281 846 γίνεται
296 767 338 849 τῷ
351 764 508 850 προθύμως
522 763 718 851 εύερηετοῦντι.
772 765 891 849 ἀψύχων
935 765 1060 848 κοσμίων
1103 765 1140 827 τύ
1185 763 1312 849 φίλους

179 869 209 930 τί
231 864 257 931 θ’
270 871 309 929 ἀν
325 870 417 930 ἀναιτά
432 889 473 938 τις
489 869 655 951 τηλικοῦτον
670 866 719 932 ἀπ’
771 870 966 954 κεκτῆσθαι
999 870 1140 953 κοσμίους.
1176 869 1251 930 τίνα
1283 865 1310 929 θ’

180 974 270 1044 οἰκίας
296 973 435 1056 μεχέθους
460 994 492 1035 τε
514 972 560 1034 καί
582 973 718 1050 κάλλους,
771 977 810 1037 ἀν
832 976 911 1062 ἀχρυί
931 979 1064 1038 τοσοῦτον
1086 975 1152 1038 ὅσον
1167 973 1199 1036 τύ
1214 971 1310 1058 χαρί-

179 1078 287 1161 ηλίκον
310 1078 365 1141 ἀπὸ
387 1084 436 1142 τοῦ
457 1077 692 1165 χαρίζεσθαι.
710 1125 718 1154 ,
770 1079 877 1150 ζεσθαι
899 1079 1094 1165 ιύρελησειαν;

266 1197 371 1263 Etiam
399 1196 440 1264 de
470 1198 569 1264 barba
597 1197 732 1264 colenda
758 1198 843 1264 idem
873 1198 1107 1284 praescribunt:
1143 1195 1192 1262 Ea
1217 1193 1312 1261 modo

182 1301 299 1366 barbae
333 1319 407 1385 pars
441 1299 604 1366 tendenda
637 1307 695 1382 est
731 1321 812 1385 quae
839 1301 975 1368 molesta
1002 1306 1052 1367 est
1077 1300 1178 1382 (Stob.
1202 1297 1224 1379 Ι,
1249 1296 1311 1360 156

181 1405 228 1468 tit.
259 1404 288 1487 6,
318 1403 359 1466 62
392 1401 437 1467 Ol.
461 1400 513 1483 111,
544 1402 583 1465 61
613 1423 645 1488 p.
669 1403 733 1467 290
755 1402 805 1486 P.)
839 1423 941 1487 neque
975 1421 1049 1468 vero
1086 1399 1310 1467 munditiarum

181 1525 277 1571 causa
310 1505 386 1591 (οὐχὶ
419 1509 528 1589 κόσμου
560 1511 641 1593 χάριν
675 1503 721 1571 cl.
747 1507 786 1569 61
814 1506 877 1593 οῦχί
910 1505 1056 1593 ὠραϊσμοῦ
1089 1502 1186 1593 χάριν)
1221 1521 1313 1569 coma

179 1606 342 1674 tondenda
364 1616 419 1675 ent
440 1609 539 1675 barba
559 1607 704 1675 radenda
725 1616 782 1676 est

180 1708 261 1776 Mus.
289 1712 338 1775 τάν
364 1711 396 1774 ἀὲ
410 1709 545 1797 ’πώχωνα
566 1713 613 1801 καί
635 1714 719 1796 σύμ·
772 1710 818 1778 cl.
842 1710 894 1793 Ill,
919 1714 960 1776 19
982 1733 1012 1798 p.
1029 1713 1093 1776 263
1115 1710 1150 1777 Ρ.
1167 1715 1249 1773 τοῦτο
1264 1707 1312 1772 οὖν

181 1812 287 1895 βολον
312 1819 463 1900 ,χεχονὲνυιι
498 1824 548 1880 τοῦ
592 1819 718 1905 ἄρρενος,
771 1821 821 1878 τοῦ
855 1816 957 1902 ἀνδρὸς
989 1816 1020 1878 τὸ
1047 1816 1184 1898 σύνθημα
1207 1863 1214 1876 .
1239 1862 1246 1876 .
1271 1861 1278 1875 .
1304 1861 1310 1875 .

181 1916 558 2009 ὥσπεράλεκτρυόνιλάρυν
571 1922 720 1984 καὶλέοντι
773 1918 949 2003 σύμβολον
981 1922 1037 2003 της
1068 1921 1226 2006 κρείττονος
1259 1919 1312 2004 φύ-

179 2023 291 2107 χαίτην.
773 2045 848 2093 οεωι
870 2029 902 2089 et
924 2029 1021 2090 antee
1043 2022 1082 2090 cf.
1106 2043 1137 2107 p.
1160 2024 1212 2086 21.

266 2125 325 2203 Qui
363 2128 465 2211 glabri
503 2127 619 2194 evulsis
656 2128 731 2214 pilis
766 2126 950 2192 muliebrem
985 2125 1127 2209 speciem
1162 2121 1315 2190 affectant

184 2225 252 2308 (ΙΙΙ,
277 2232 326 2294 17.
350 2229 417 2311 62),
441 2230 499 2294 viri
522 2230 650 2295 nemine
672 2229 794 2312 indigni
817 2236 891 2295 sunt
912 2228 1086 2313 (ἀνδρόγυνοι
1108 2226 1157 2289 καί
1178 2227 1313 2310 γυναικώ-

184 2329 240 2399 θεις
273 2331 310 2395 cf.
340 2330 399 2412 111,
429 2332 469 2394 15
497 2351 528 2416 p.
556 2332 618 2394 261
647 2331 682 2397 Ρ.
710 2330 789 2416 sq.)‚
823 2331 1007 2398 mulieribus
1039 2331 1144 2416 potius
1179 2330 1313 2420 similes,

184 2433 297 2517 quibus
320 2432 450 2499 student
470 2433 598 2519 placere
620 2432 673 2517 (ci.
697 2432 748 2516 ΙΙΙ,
774 2433 838 2518 19).

270 2535 434 2600 Summam
451 2533 532 2602 Mus.
549 2536 800 2602 mediocritatem
823 2537 856 2602 in
879 2535 1076 2621 supellectile
1099 2534 1314 2619 comparanda

183 2637 371 2724 praescribit
393 2637 494 2720 (stab.
517 2637 569 2720 ΠΙ,
594 2641 655 2702 147
677 2639 725 2705 tit
749 2640 801 2720 85,
823 2637 890 2723 20),
914 2659 995 2723 quae
1022 2658 1086 2704 non
1115 2635 1211 2702 debet
1231 2636 1315 2702 ultra

184 2741 219 2807 id
245 2739 329 2824 quod
356 2740 398 2806 ad
424 2762 516 2807 usum
542 2742 716 2808 necessitas
744 2741 904 2808 desiderat
938 2741 1093 2808 excedere
1121 2740 1190 2824 (τὴν
1217 2739 1314 2828 χρείαν

186 2843 398 2932 ὑπερβεβηκότα
424 2843 464 2909 cf.
488 2841 534 2909 cl.
558 2841 596 2926 ΙΙ,
619 2845 661 2907 35
688 2865 719 2930 p.
750 2845 810 2907 188
839 2844 873 2911 Ρ.
902 2847 1000 2929 κτῆμα
1027 2844 1080 2930 τἠν
1107 2847 1204 2931 χρείαν
1231 2845 1313 2933 ὑπερ-

185 2949 332 3035 βεβηκός)

185 3071 265 3139 Mus.
291 3071 403 3134 κλῖναι
426 3069 477 3154 μὲν
500 3069 723 3156 ἐλεφάντινοι
776 3068 948 3158 Ol.ll‚35p.
963 3072 1023 3136 188
1036 3071 1213 3154 ἐκπωμάτων
1224 3074 1313 3136 τοίνυν

112 3181 116 3188 “
186 3175 233 3238 καὶ
241 3175 431 3264 ἀρχυραῑηνὴ
441 3177 492 3238 Δία
501 3181 612 3262 χρυσαῖ,
621 3180 723 3263 τράπε·
776 3175 895 3262 ἀρχύρυυ
918 3175 965 3239 καί
986 3183 1093 3263 χρυσοῦ
1119 3179 1313 3260 πεποιημένων

185 3286 235 3351 ζαι
249 3279 280 3344 δὲ
295 3281 496 3368 παραπλησίας
510 3280 593 3363 ύλης,
616 3301 724 3367 στρω·
775 3278 997 3364 λιθοκολλήτων
1024 3303 1055 3344 τε
1081 3281 1183 3344 ἀλλων
1209 3283 1314 3351 ἄθετος

185 3386 265 3469 μναὶ
285 3385 316 3450 δὲ
336 3387 517 3473 ἁλουργεῖς
537 3385 591 3447 καί
606 3385 723 3447 ἀλλων
776 3386 801 3470 η’
826 3393 927 3473 χρῆσις
953 3388 1047 3471 ὄψεως
1070 3389 1165 3470 ἀπάτη
1184 3389 1311 3469 μόνον..

185 3497 381 3576 χρωμάτων
402 3491 641 3576 θυςπυρίστων.
676 3490 723 3552 ε’κ-
776 3491 868 3554 κλῖναί
889 3512 921 3553 τε
948 3491 1135 3578 ἀρχυράπυθες
1160 3491 1208 3553 καί
1234 3492 1312 3554 ἐλε-

185 3597 308 3679 πώματα
334 3595 365 3659 ἀὲ
391 3601 497 3683 χρυσοῦ
523 3593 571 3658 καὶ
604 3595 724 3682 ἀρχύρου
776 3596 1056 3683 ραντυκύλλητοι
1079 3645 1085 3659 .
1111 3599 1314 3684 ,στρωμναί

185 3702 368 3784 πεποιημένα,
395 3701 432 3763 τά
458 3697 489 3762 δὲ
515 3699 608 3762 λίθων
634 3700 654 3782 η
680 3699 723 3761 λι·
775 3723 811 3763 τε
828 3701 1312 3790 ἁλουργεῖςκαὶάλλωνχρω-

186 3803 723 3869 θοειθῦντινων....καίσπυυ·
776 3811 891 3889 μάτων
929 3806 1168 3893 ἀυςπυρίστων.
1215 3805 1312 3870 Multo

185 3910 332 3980 ῦάζεπαι
367 3916 474 3972 ταῦτα
510 3915 632 3985 πάντα,
667 3913 724 3971 τοῦ
774 3909 866 3996 plura
908 3909 1040 3996 praebet
1080 3908 1189 3991 Glem,
1234 3926 1314 3991 qnae

186 4011 246 4097 μὲν
274 4015 465 4099 σκίμποδος
492 4012 589 4078 οὐδὲν
617 4014 724 4076 κακίω
776 4017 862 4078 certe
889 4012 992 4078 hausit
1019 4029 1058 4078 ex
1085 4011 1189 4076 alieno
1216 4008 1312 4076 fonte.

185 4120 465 4208 παρεχομένου
487 4120 723 4183 κατάκλισιν
776 4121 817 4185 39
844 4141 875 4206 p.
901 4121 960 4184 191
985 4119 1018 4186 P.
1047 4117 1079 4182 οῦ
1106 4118 1314 4190 σπουδάζειν
