3218 4896
738 205 951 301 ..23-

282 421 328 508 tjt.
353 424 381 502 1,
405 422 460 505 84)
483 423 578 488 docet
599 424 707 506 quaeri
737 422 864 505 debere,
892 431 927 492 ut
952 444 1051 506 arma,
1078 427 1213 512 φυλακῆς
1239 427 1332 490 ένεκεν
1358 433 1408 489 τοῖν

282 525 425 607 σώματος,
453 523 522 588 ἀλλ’
535 525 586 588 οὐκ
612 513 771 597 ἐπιδείξεως
798 523 841 606 (v.
866 523 973 608 CLII,
1004 528 1065 592 106
1088 549 1119 614 p.
1142 530 1206 593 234
1234 529 1267 595 Ρ.
1293 531 1354 593 116
1376 550 1408 615 p.

285 627 403 692 1401),
427 629 489 692 109
511 649 542 713 p.
566 631 629 693 235
652 629 687 694 P.
717 631 821 714 ὄψεως,
845 627 877 690 οὐ
901 631 1010 713 σκέπης
1031 631 1051 714 ἡ
1074 631 1167 716 ἐσθὴς
1189 631 1290 716 αὐτη).
1334 630 1409 698 Rei-

283 728 398 795 cienda
412 731 506 811 igitur
522 735 598 798 sunt
618 735 655 796 τό
677 733 849 822 περίβλεπτα
871 732 922 812 (cf.
939 733 984 800 01.
1004 736 1082 818 114)
1099 737 1212 820 quibus
1227 744 1410 803 convortere

284 832 480 919 (ἐπιστρέφειν,
508 832 555 900 Gl.
582 834 603 899 l.
623 835 659 919 l.)
689 838 796 902 volunt
822 835 854 899 in
884 853 918 900 se
945 834 1105 902 hominum
1133 838 1252 904 ουυίοο.

348 935 526 1002 Musonius:
940 935 1038 1004 clem.
1062 938 1100 1022 Π,
1125 941 1187 1003 115
1214 961 1245 1026 p.
1279 941 1342 1005 239
1376 935 1410 1004 P.

285 1040 335 1102 δεῖ
357 1041 419 1127 χάρ
446 1045 515 1122 τοῖς
548 1042 716 1128 σκέπηςῑ)
740 1042 820 1106 αὐτὸ
874 1041 924 1104 δεῖ
956 1039 992 1104 δέ
1024 1056 1094 1126 ταῖς
1122 1043 1266 1126 σκέπης,
1301 1043 1409 1125 οἶμαι,

284 1150 440 1231 κρεῖττον
463 1146 667 1231 ἀποφαίνειν
690 1147 726 1210 τό
742 1169 820 1210 σκε-
875 1145 956 1209 αὐτό
980 1154 1132 1235 κρεῖττον
1155 1149 1356 1234 ἀποφαίνειν
1375 1145 1411 1207 τό

283 1252 428 1331 πόμενον
461 1249 508 1312 καί
536 1251 723 1340 ἰσχυρότερον,
751 1250 821 1316 ἀλλ’
875 1254 1097 1334 σκεπόμενον,
1122 1252 1163 1323 ὡς
1184 1253 1215 1316 τό
1231 1252 1412 1336 ἄχαλμαπού

260 1439 263 1444 ⁸
284 1353 335 1416 οὐκ
363 1353 567 1441 ἀσθενέστερόν
594 1377 626 1418 τε
649 1356 696 1418 καὶ
717 1363 820 1443 χεῖρον.
875 1357 930 1418 νεόι
955 1404 962 1418 .
988 1404 995 1418 .
1020 1365 1097 1443 σφᾶς
1119 1357 1208 1428 αὐτός
1233 1357 1414 1443 ἀχρειοτέρας

185 1457 190 1468 ’
285 1454 354 1522 Νοιι
391 1456 520 1541 placent
553 1458 634 1525 haec
670 1459 824 1526 vocabula
875 1459 923 1522 καὶ
956 1463 1121 1550 ἀτιμοτέρας
1153 1469 1211 1525 τῶν
1237 1460 1413 1548 ὑφασμάτων

285 1559 489 1647 ἀσθενέστερον
543 1569 575 1627 et
628 1564 821 1650 ἰσχυρότερον,
876 1564 1049 1652 ἐλέγχουσιν.

285 1663 374 1746 quasi
407 1665 499 1747 σκὲπρ
532 1667 635 1749 possit
666 1685 736 1732 esse
768 1667 879 1754 ἰσχυρά.
926 1667 1026 1735 Multo
1059 1673 1132 1734 sunt
1165 1667 1297 1752 aptiora,
1331 1683 1412 1748 quae

288 1765 374 1852 apud
396 1766 494 1834 Glem.
517 1768 674 1850 leguntur.

371 1869 469 1937 Porro
492 1868 647 1953 laudatur,
671 1871 724 1954 qui
746 1892 822 1956 ιιιιο,
841 1873 943 1956 magis
966 1870 1123 1954 laudatur,
1146 1871 1198 1955 qui
1220 1868 1307 1935 nullo
1324 1873 1416 1949 egeat

284 1977 387 2056 χιτῶνι.
432 1971 525 2039 Mus-1
943 1971 1202 2055 clem.11‚117:

286 2076 404 2139 καὶτοῦ
430 2096 462 2159 γε
489 2074 672 2140 ὐποδεδέσδαι
700 2078 732 2140 τό
759 2081 825 2142 ἀνυ-
879 2076 957 2163 ἀνδρί
1000 2074 1032 2139 δὲ
1076 2075 1107 2139 εὐ
1157 2075 1238 2159 μάλα
1284 2072 1415 2160 ἁρμοδιον

286 2181 412 2244 ποδετεῑν
438 2179 480 2266 τῷ
505 2180 652 2267 δυναμένῳ
681 2188 825 2268 κρεῖττον·
878 2180 1053 2264 ἀνυποδησία
1076 2228 1083 2244 .
1109 2229 1116 2242 .
1142 2227 1149 2242 .
1175 2228 1182 2242 .
1207 2179 1254 2241 καὶ
1275 2182 1329 2265 χάρ
1356 2197 1419 2245 πως

287 2285 433 2348 κινδυνεύει
455 2284 826 2372 χάρτόμένύποδεδέσύαι
878 2284 975 2368 ἐχχύς
1018 2285 1054 2347 τό
1101 2283 1327 2348 ὐποδεδέσδαι
1371 2279 1417 2365 τῷ

286 2389 327 2475 σφ’
360 2390 491 2454 δεδέσδαι
524 2388 605 2473 ἐχχύς
638 2389 715 2467 εἶναι,
744 2390 769 2474 η’
799 2389 825 2452 δ’
878 2389 1053 2453 δεδέσδαι.
1078 2389 1359 2473 ἀσκητικόντατόν
1384 2407 1417 2468 χε

207 2555 209 2562 ,
288 2494 460 2578 ἀνυποδησία
482 2493 595 2577 πολλὴν
617 2494 749 2558 εὐλυσίαν
765 2515 827 2558 τινα
878 2516 919 2557 τοι
941 2502 1054 2579 χυμνυῖς
1086 2493 1214 2582 χρῆσθαι
1247 2499 1306 2562 τοῖς
1337 2490 1416 2554 ποσὶν

288 2599 335 2660 καὶ
361 2598 523 2662 εὐκολίαν
550 2601 666 2685 παρέχει
692 2605 751 2669 τοῖς
774 2621 825 2662 πυ·
878 2599 926 2660 καὶ
951 2598 1021 2686 πρός
1051 2597 1151 2681 ὐχίειαν
1181 2597 1229 2660 καί
1254 2593 1416 2659 εὐκολίαν

288 2704 341 2779 σίν,
365 2704 432 2766 ὅταν
454 2705 647 2787 ἠσκημένοι
670 2703 746 2768 όυσιν.
851 2703 1004 2892 Ιεύδετυν,
1043 2702 1115 2766 ἔνθα
1151 2705 1192 2787 μή
1229 2723 1270 2771 τις
1307 2703 1417 2782 ἀνάγκη

878 2806 1038 2871 διακωλύυι.

373 2924 416 2990 Ut
442 2945 462 2991 a
489 2926 614 3008 vestitu,
641 2926 686 2993 ita
712 2945 732 2991 a
759 2925 852 2992 domo
886 2929 989 2994 omnis
1022 2943 1234 3012 supervacuus
1268 2883 1419 3008 splendor

290 3027 498 3094 removendus
520 3035 586 3093 est:

288 3151 380 3234 πόσῳ
409 3146 469 3232 μὲν
499 3147 749 3237 εὐκλεέστερον
772 3154 829 3212 τοῦ
883 3149 946 3212 120
967 3168 997 3233 p.
1014 3149 1077 3212 243
1099 3147 1134 3213 Ρ.
1157 3151 1250 3232 πόσῳ
1274 3145 1334 3230 μέν
1356 3144 1418 3232 χόρ

289 3252 831 3324 πολυτελύςοίκεῖντόπυλλυύς
882 3251 1132 3337 εὐκλεέστερον
1188 3258 1256 3315 τοῦ
1311 3247 1418 3312 πολυ-

290 3357 495 3446 εὐερχετεῖν;
530 3361 622 3443 πόσῳ
657 3357 692 3421 δὲ
723 3359 829 3422 καλο-
880 3356 993 3425 τελῶς
1037 3357 1141 3419 οἰκεῖν
1186 3356 1223 3418 τό
1268 3351 1420 3423 πολλοὺς

289 3462 569 3550 καχαόικόιτερυν
592 3469 642 3525 τοῦ
670 3463 830 3525 ἀναλίσκειν
882 3459 1080 3546 εὐερχετεῖν;
1103 3464 1195 3523 πόσαι
1218 3458 1253 3523 δέ
1271 3459 1418 3522 συνετόν·

290 3567 330 3635 εἰς
363 3555 439 3639 ξόλα
472 3567 519 3629 καὶ
552 3567 680 3637 λίθους
713 3568 749 3630 τό
783 3569 831 3638 εἰς
881 3586 980 3650 τερον
1003 3563 1077 3648 (hoo
1098 3565 1211 3631 melius
1227 3582 1320 3647 quam
1337 3557 1421 3644 quod

291 3671 495 3760 ἀνθρώπους
510 3672 723 3755 ἀναλίσκειν;
738 3675 830 3758 πόσῳ
882 3672 1055 3759 discipulus
1083 3672 1163 3740 Mus.
1191 3668 1344 3756 praebet)
1370 3671 1420 3731 τοῦ

282 3960 284 3964 ’
377 3962 397 4030 ¹)
414 3960 543 4016 Mainake
560 3961 589 4015 in
613 3961 692 4017 Stob.
712 3957 761 4024 κήν
783 3956 886 4024 σκέπην
903 3976 939 4014 ex
957 3961 993 4014 Δ.
1011 3958 1069 4026 legi
1085 3955 1153 4013 vult.
1173 3956 1325 4012 Clementis
1342 3955 1421 4012 codd.

290 4046 435 4184 praebpnt:
461 4045 509 4110 τόν
534 4039 637 4110 σκέπην
653 4041 717 4100 αὐτό
745 4041 833 4112 αὐτῆς,
850 4046 924 4100 unde
946 4044 1047 4100 Oobet:
1073 4041 1117 4095 δεῖ
1137 4038 1169 4096 όὲ
1188 4040 1217 4095 τό
1235 4038 1336 4096 σκέπον
1358 4035 1422 4094 αὐτό

307 4147 395 4185 αυΐθυ.
