3218 4896
752 310 944 372 ..2-

287 517 344 582 per
364 499 465 562 totam
489 497 584 562 vitam
608 496 711 564 studio
735 499 763 563 ci
787 517 822 564 se
844 497 972 566 dedisse
1001 508 1131 567 constat.
1177 501 1279 578 Quid?
1325 499 1415 577 Quod

287 599 371 665 idem
401 620 525 666 summa
552 603 737 667 auctoritate
767 601 851 686 apud
879 604 1014 685 gentiles
1042 605 1245 690 philosophos
1280 605 1414 685 valebat,

288 705 340 788 qui
374 724 445 769 eum
480 702 652 769 audiebant
686 709 719 769 et
751 703 849 770 libros
883 725 966 789 suos,
995 706 1034 772 de
1063 709 1173 792 quibus
1199 708 1363 789 iudicaret,
1386 708 1414 771 ei

288 800 458 874 tradebant
481 804 569 890 (Eos.
588 805 637 888 Vl,
656 806 801 890 18.19)?
835 806 907 893 lpse
924 807 1114 895 Porphyrius
1139 832 1210 877 cum
1232 812 1337 878 faeere
1353 831 1415 875 non

288 911 399 997 possit,
423 909 498 994 quin
519 907 628 974 laudet
650 909 717 975 eius
740 910 916 991 seientiam,
939 911 1016 976 illud
1033 914 1198 998 vituperat,
1222 914 1305 998 quod
1320 934 1415 1000 prave

289 1034 360 1079 eam
383 1011 534 1078 adhibeat
556 1012 604 1078 his
627 1032 702 1078 usus
725 1013 828 1080 verbis
845 1012 884 1080 de
901 1013 1052 1097 Origene:
1081 1017 1176 1106 ,,ἀνήρ
1199 1021 1272 1081 κατὰ
1296 1017 1346 1102 μὲν
1368 1019 1416 1081 τὸν

288 1118 346 1203 βίον
381 1123 548 1206 χριοτιανῖος
582 1121 644 1187 ζων
678 1117 726 1178 καί
756 1121 940 1205 Ιπαρανόμως,
976 1123 1050 1184 nurui
1084 1121 1114 1186 δὲ
1148 1125 1200 1193 τοὶς
1228 1173 1234 1186 .
1261 1173 1267 1186 .
1294 1174 1300 1187 .
1330 1113 1416 1197 triae

288 1225 453 1309 ἑλληνίζων
476 1245 508 1286 τε
530 1221 577 1286 καὶ
599 1225 636 1286 τοί
653 1223 808 1308 Ἑλλήνων
831 1232 889 1294 τοῖς
912 1227 1029 1297 ὀθνείοις
1049 1227 1281 1313 ὑποβαλλόμενος
1296 1223 1416 1314 μύθοιςιζ

289 1331 377 1416 (ltus.
401 1327 452 1410 VI,
479 1327 542 1414 19).
587 1327 637 1394 Ex
658 1328 765 1394 fabula
787 1329 827 1395 ab
849 1328 1028 1416 Epiphanio
1052 1334 1139 1417 (adv.
1164 1335 1249 1402 haer.
1274 1337 1325 1418 64,
1351 1339 1415 1422 1p.

288 1431 514 1516 carpetani)
543 1437 670 1498 narrata
696 1431 821 1498 videtur
850 1432 932 1500 effici
961 1433 1130 1519 Origenem
1163 1441 1266 1526 ipsum
1295 1460 1416 1524 quoque

289 1544 420 1604 externa
443 1537 550 1620 speeie
572 1534 714 1601 habitum
729 1536 908 1622 philosophi
923 1559 1000 1624 prae
1017 1561 1051 1606 se
1066 1542 1184 1610 tulisse.
1219 1542 1267 1608 De
1283 1541 1419 1608 Heracle

290 1640 416 1726 quidem
439 1638 529 1704 huius
552 1657 734 1704 successore
757 1640 974 1721 gravissimum
999 1644 1213 1712 testimonium
1229 1652 1333 1712 exstat
1347 1645 1418 1710 Ori-

236 1743 238 1746 ’
289 1745 393 1827 genis:
428 1746 583 1832 „rrpo'repos
612 1743 692 1826 κοινῇ
716 1743 816 1827 ἐσθῆτι
843 1746 999 1832 χρώμενος,
1029 1750 1241 1834 ἀποδυσάμενος
1266 1751 1314 1813 καί
1337 1753 1445 1837 φίλον

289 1873 378 1937 oopus
403 1847 558 1933 ἀναλαβὼν
581 1856 681 1936 σχῆμα
704 1851 786 1938 μέχρι
808 1857 857 1912 τοῦ
880 1852 961 1939 δεῦρο
992 1863 1071 1942 τηρεῖ
1099 1855 1192 1940 βιβλία
1215 1880 1245 1920 τε
1263 1857 1418 1943 Ἑλλήνων

288 1959 362 2020 κατά
384 1958 498 2039 δύναμιν
521 1956 553 2018 οὐ
576 1957 691 2018 παίεται
723 1957 937 2043 φιλολογὼνίί)
967 1958 1065 2043 (apud
1089 1960 1161 2026 Eus.
1187 1962 1236 2044 Vl,
1262 1964 1310 2028 19.
1335 1964 1354 2025 5
1378 1962 1417 2028 cf.

288 2061 364 2128 ibid.
391 2059 441 2144 Vl,
465 2063 494 2128 3.
520 2063 548 2143 1,
573 2080 599 2126 o.
625 2063 675 2142 15,
699 2081 726 2125 o.
750 2059 815 2144 31).

378 2163 633 2232 Consentaneum
665 2165 761 2246 igitur
793 2171 841 2231 est
867 2186 967 2232 novae
995 2165 1156 2232 doetrinae
1184 2177 1327 2235 auctores
1353 2170 1419 2235 fere

291 2267 449 2357 proficisci
462 2266 705 2354 aphilosophia3
721 2266 794 2334 hino
810 2269 897 2335 locos
913 2278 1006 2354 atque
1021 2279 1206 2352 argumenta
1221 2271 1419 2358 depromunt,

291 2382 357 2439 tum
381 2371 475 2437 anxie
498 2369 628 2438 student
643 2389 713 2436 cum
731 2370 778 2437 his
794 2370 1012 2457 philosophiae
1028 2372 1162 2439 decretis
1178 2376 1227 2440 vel
1244 2377 1419 2460 praeoeptis

291 2476 388 2542 libros
410 2493 517 2541 sacros
541 2492 736 2558 quacumque
764 2474 884 2540 ratione
913 2476 1091 2542 conciliare.
1137 2477 1224 2544 Haeo
1252 2480 1330 2546 ratio
1355 2481 1418 2544 iarn

294 2577 525 2664 aPorphyrio,
560 2577 742 2643 acutissimo
776 2578 887 2642 talium
921 2599 1025 2644 rerum
1060 2580 1284 2664 existimatore,
1317 2583 1420 2648 verbis

292 2701 373 2767 quae
395 2679 489 2747 modo
512 2679 619 2746 adlata
647 2687 719 2746 sunt
745 2681 777 2745 in
801 2679 930 2764 Origine
956 2689 1082 2748 notatur
1110 2690 1142 2749 et
1168 2703 1205 2750 eo
1239 2686 1340 2767 magis
1373 2694 1422 2752 est

293 2783 442 2868 notanda,
471 2782 555 2868 quod
583 2784 645 2869 ipsi
672 2803 768 2869 saepe
796 2804 861 2850 rem
889 2786 1081 2852 invertentes
1109 2787 1257 2852 simulant
1283 2809 1317 2854 se
1346 2809 1419 2874 pro-

292 2890 391 2956 fectos
419 2906 488 2953 esse
516 2907 535 2951 a
561 2885 649 2952 libris
677 2889 785 2969 saeris,
810 2887 883 2953 hino
916 2909 1005 2954 suam
1039 2888 1213 2955 doctrinam
1248 2890 1419 2974 derivasse,

293 2999 404 3080 postca
426 2989 553 3056 demum
576 2984 689 3056 mirum
713 2990 779 3056 eius
796 3009 866 3056 cum
883 2991 1003 3074 vulgari
1017 2992 1217 3078 philosophia
1231 3013 1419 3062 eonsensum

293 3094 564 3162 animadvertisse.
610 3091 705 3160 Cuius
733 3093 891 3159 reihand
918 3096 982 3161 seio
1017 3115 1057 3160 au
1089 3096 1208 3161 nullum
1244 3098 1355 3165 melius
1389 3107 1422 3164 et

295 3200 450 3282 insignius
461 3197 562 3284 possit
572 3198 704 3262 inueniri
717 3197 899 3283 exemplum
915 3218 1008 3284 quam
1026 3198 1198 3266 Clementis
1214 3200 1421 3268 Alexandrini

294 3302 512 3385 Pacdagogus.
556 3299 743 3368 Proficiscar
770 3320 790 3366 a
817 3300 1007 3370 delineando
1041 3305 1185 3371 universo
1219 3306 1348 3372 alterius
1382 3325 1420 3370 ao

294 3408 377 3474 tertii
399 3406 527 3472 libri-
542 3425 617 3470 nam
641 3402 681 3470 de
701 3405 803 3490 primo
818 3405 900 3472 inira
915 3426 1055 3473 seorsum
1071 3428 1163 3490 agam
1179 3446 1219 3453 -
1236 3416 1419 3490 argumento

294 3519 327 3578 et
349 3530 369 3576 a
391 3507 608 3576 describendis
631 3509 677 3574 eis
697 3508 870 3593 principiis,
886 3509 997 3592 quibus
1013 3512 1188 3576 continetur
1204 3521 1296 3595 atque
1312 3511 1420 3574 nititur

294 3622 361 3682 tota
383 3613 596 3680 ratiocinatio:
624 3611 696 3697 lpse
724 3610 809 3696 repe
834 3613 856 3676 i.
884 3633 902 3678 e
928 3615 1008 3679 ratio
1035 3613 1155 3679 homini
1188 3615 1306 3696 innata,
1340 3633 1419 3697 quae

382 3889 400 3961 ¹)
419 3890 462 3944 De
481 3889 580 3944 ceteris
598 3889 686 3944 minus
704 3888 784 3944 cleris
802 3888 939 3958 magistris
957 3906 982 3944 v.
996 3887 1131 3942 Guarieke
1145 3887 1179 3941 de
1191 3886 1286 3942 schola
1298 3889 1420 3944 Alexan·

295 3980 373 4034 drinc
398 3976 480 4032 Halis
505 3977 579 4032 1824.
606 4007 639 4016 -
665 3977 775 4045 Quanta
796 3977 877 4030 luerit
899 3975 1087 4030 Alexandriae
1111 3975 1233 4029 confusio
1257 3976 1421 4031 christianae

295 4064 434 4135 religionis
457 4068 486 4118 et
506 4063 696 4136 philosophiae
716 4063 864 4132 (Guarioke
883 4079 910 4132 p.
931 4062 981 4130 11),
999 4061 1063 4115 inde
1081 4061 1182 4133 optime
1206 4068 1328 4133 apparet,
1347 4063 1420 4132 quod

296 4151 427 4222 Synesius
445 4151 590 4223 episcopus
608 4150 730 4206 redditus
749 4154 800 4215 est,
820 4165 880 4202 enm
898 4152 990 4201 temen
1009 4147 1119 4203 decreta
1136 4147 1276 4219 platonica
1294 4149 1418 4218 religioni

296 4253 382 4294 novae
400 4238 551 4308 praeferret
569 4253 658 4307 neque
675 4238 727 4292 hoe
746 4234 931 4290 dissimularet
948 4233 1049 4300 (Ritter
1065 4233 1083 4287 l.
1101 4233 1119 4287 l.
1137 4251 1163 4305 p.
1184 4233 1252 4302 188).
