3218 4896
751 291 964 369 ..40-

379 493 522 579 Denique
538 495 661 562 Seneca
681 493 828 576 1.ο.ΙΙ,2
852 492 1051 557 metallorum
1074 510 1163 557 usum
1186 491 1350 574 impugnat
1373 487 1421 553 his

295 596 411 662 verbis:
447 597 509 679 „Ar
540 597 719 664 mehercule
752 603 846 676 terra,
881 613 961 678 quae
994 591 1141 677 quicquid
1175 592 1250 656 utile
1284 591 1420 655 futurum

293 698 385 764 uobis
408 707 476 764 erat
497 700 636 784 protulit,
660 701 721 765 ista
742 696 864 764 defodit
884 703 917 762 et
939 696 1047 762 mersit
1069 702 1102 760 et
1123 701 1157 759 ut
1172 693 1311 759 noxiosis
1328 693 1421 757 rebus

293 820 332 867 ac
355 801 438 866 malo
461 805 601 884 gentium
625 804 657 868 in
679 800 818 867 medium
841 799 1010 884 prodituris
1032 803 1098 864 toto
1113 795 1254 882 pondere
1269 795 1420 860 incubuit.

296 902 395 969 Video
417 904 534 969 ferrum
558 925 597 970 cx
619 903 722 970 isdem
744 903 882 968 tenebris
905 921 975 967 esse
990 900 1159 986 prolatum,
1176 899 1288 982 quibus
1311 915 1421 961 aurum

293 1011 326 1070 et
348 1012 523 1089 argentum,
545 1027 586 1071 ne
609 1011 664 1071 aut
684 1006 926 1071 instrumentum
949 1003 982 1067 in
1010 1000 1124 1067 caedes
1148 1007 1272 1065 mutuas
1296 998 1421 1064 deesset

293 1097 348 1172 aut
380 1108 535 1191 pretium“
565 1107 603 1172 cf.
634 1108 726 1193 epist.
755 1108 808 1186 90,
830 1109 887 1186 453
920 1111 983 1170 nat.
1008 1109 1127 1188 quaest.
1155 1101 1311 1190 1,17,o;
1346 1100 1419 1167 Tac.

292 1208 399 1277 Germ.
423 1230 449 1276 c.
474 1213 509 1294 5;
534 1210 612 1276 Plin.
635 1209 665 1274 h.
689 1231 719 1277 n.
743 1208 856 1291 lIXIlI,
881 1211 898 1271 1
923 1209 972 1291 (i).
1017 1206 1098 1271 Miro
1121 1203 1215 1270 modo
1239 1204 1420 1283 concinunt,

294 1332 374 1395 quae
400 1311 546 1394 leguntur
573 1312 672 1378 Clam.
700 1312 738 1394 ΙΙ,
763 1314 824 1376 119
846 1333 877 1397 p.
902 1311 979 1376 242:
997 1311 1049 1372 ·roi
1069 1312 1210 1394 ,ἀναγκαία
1232 1309 1363 1394 καθάπερ
1387 1307 1419 1369 τὸ

292 1415 367 1502 ὕδωρ
391 1416 508 1478 καὶτὸν
532 1417 603 1502 ἀέρα
625 1417 757 1502 προφανῆ
786 1425 853 1477 πᾶσι
879 1421 1047 1502 pomerei,
1077 1416 1114 1476 τοί
1136 1412 1167 1476 δὲ
1191 1415 1244 1475 ὅσα
1267 1413 1308 1496 μὴ
1334 1413 1418 1494 duur·

291 1526 359 1582 καῖα
380 1521 421 1602 μή
442 1542 474 1582 τε
497 1520 544 1582 καί
567 1520 643 1582 ὕδατι
666 1520 804 1607 &epopeus
818 1521 863 1582 ta
885 1523 967 1583 τοῦτο’
990 1541 1031 1582 τοι
1046 1521 1193 1606 μύρμηκες
1207 1509 1420 1606 χροοοορυμοῦσι

196 1704 200 1709 ¹
291 1625 339 1687 καί
361 1631 463 1711 γρῦπες
486 1625 734 1712 χροοορολακοῦοι
756 1625 804 1686 καὶ
826 1624 846 1708 ἠ
870 1625 1008 1687 θάλασσα
1030 1625 1078 1687 τὸν
1106 1625 1280 1711 μαρμαρίτην
1303 1624 1420 1711 ἔκρυψεν

292 1729 385 1805 λίθον,
411 1728 489 1812 ὑμεῖς
511 1727 542 1791 δὲ
564 1731 708 1817 τερίερροι,
734 1729 773 1797 εἰς
796 1732 815 1790 ἃ
838 1728 879 1811 μὴ
901 1725 951 1792 δεῖ.
976 1727 1034 1791 ἰδοὺ
1059 1729 1126 1797 ὅλος
1155 1731 1344 1790 ἀναπέπταται
1373 1727 1419 1789 οὐ·

294 1834 378 1921 ρανός
400 1834 447 1896 καί
470 1833 501 1896 οὐ
526 1838 640 1917 ζητεῖτε
662 1833 710 1894 τὸν
733 1834 811 1908 θεὸν,
836 1834 867 1896 τὸ
891 1830 922 1895 δὲ
945 1835 1134 1921 κεκρυμμένον
1149 1835 1263 1920 χροοίον
1285 1833 1335 1894 καί·
1354 1831 1421 1901 τοὺς

293 1939 394 2007 λίθους
431 1939 456 2001 οί
492 1923 546 2022 τὴν
574 1939 617 2001 ἐπὶ
649 1939 767 2023 θανάτῳ
804 1940 958 2025 κεκριμένοι
990 1944 1170 2024 ρεαροχοῦοι·
1221 1935 1311 2002 Hanc
1348 1957 1421 2038 scn-

290 2031 436 2124 tentiam,
466 2061 546 2125 quae
575 2047 680 2126 potest
706 2042 878 2106 christiana
912 2041 1021 2122 videri,
1056 2040 1262 2120 Clementem,
1296 2039 1421 2104 etiamsi
1523 2119 1525 2122 Ι
1598 2099 1599 2114 ,

294 2163 397 2229 pauca
420 2143 559 2223 mutavit,
583 2142 726 2208 Musonio
750 2141 866 2207 debere
890 2144 1039 2227 probatur
1060 2144 1155 2208 simili
1178 2143 1248 2207 leco
1266 2142 1338 2206 Son.
1355 2149 1419 2206 nat

295 2252 414 2330 quaest.
438 2245 475 2327 V,
499 2247 549 2326 15,
573 2245 607 2308 3:
643 2244 749 2325 „Quae
772 2253 860 2310 tauta
883 2244 1236 2310 necessites‘hominem
1260 2242 1422 2309 adsidere

295 2353 433 2414 erectum
460 2347 636 2412 incurvavit
662 2349 696 2412 et
723 2345 844 2412 defodit
871 2351 903 2412 et
927 2347 961 2410 in
988 2346 1119 2411 fundum
1147 2347 1267 2411 telluris
1289 2346 1422 2411 intimae

295 2451 413 2531 mersit,
441 2455 475 2514 ut
502 2455 626 2514 erueret
652 2467 761 2513 aurum
789 2469 853 2514 uon
881 2442 1005 2514 minore
1038 2447 1178 2532 periculo
1207 2445 1421 2531 quaerendum

296 2571 390 2636 quam
424 2549 695 2636 possidendum?“
741 2549 837 2617 Porro
871 2551 973 2616 solent
1005 2549 1196 2635 reprendere
1228 2547 1321 2616 huius
1349 2568 1421 2615 sae·

296 2656 357 2721 culi
377 2655 546 2738 scriptores
561 2653 692 2718 nimiam
707 2673 867 2720 servorum
884 2655 1054 2738 praecipue
1069 2654 1103 2717 in
1118 2673 1218 2719 caena
1241 2652 1422 2718 ministran-

295 2759 373 2822 tium
400 2755 631 2821 multitudinem
659 2756 701 2836 (v.
719 2755 791 2821 Seu.
810 2753 885 2820 dial.
906 2754 960 2837 III,
981 2756 1047 2837 9,3
1068 2753 1168 2838 Juv.¹)
1194 2753 1230 2836 V,
1253 2755 1424 2818 1202-124

296 2857 350 2941 III,
374 2859 436 2923 136
457 2856 482 2938 Ι,
506 2859 547 2921 64
572 2855 622 2936 Vl,
645 2857 734 2938 351),
758 2856 842 2938 quod
863 2855 939 2922 facit
962 2856 1133 2922 Clementis
1156 2864 1265 2922 auctor
1287 2853 1328 2920 Ill
1348 2875 1375 2922 c.
1390 2858 1420 2920 4.

382 2956 514 3026 Possum
537 2958 636 3023 multa
659 2957 722 3022 alia
745 2957 867 3041 afferre,
891 2957 948 3024 scd
970 2979 1009 3023 ea
1024 2960 1144 3040 omitto,
1168 2963 1208 3024 ne
1222 2957 1334 3041 longus
1351 2959 1421 3024 sim.

296 3060 365 3128 Ηοο
398 3062 483 3126 enim
518 3059 626 3125 uidcor
658 3059 735 3125 mihi
768 3060 831 3124 iam
870 3059 1022 3144 probasse
1059 3061 1116 3126 has
1153 3067 1263 3126 contra
1300 3080 1420 3126 morum

296 3165 482 3248 pravitatem
510 3161 758 3252 declamationes
784 3181 845 3228 nec
872 3163 911 3226 ab
937 3163 1008 3246 ipso
1036 3162 1200 3228 Clemente
1223 3181 1324 3244 noque
1347 3161 1422 3227 alibi

296 3268 357 3333 nisi
376 3268 413 3331 in
435 3266 507 3350 ipsa
531 3264 641 3347 Roma,
669 3265 723 3329 ubi
749 3264 809 3330 hoc
834 3264 1007 3330 litterarum
1036 3285 1135 3346 genus
1157 3265 1322 3348 vigebat²)‚
1347 3283 1422 3329 con·
1483 3313 1489 3326 .

296 3369 429 3453 scriptas
453 3386 523 3434 esse
546 3387 649 3452 posse.
693 3365 736 3434 Et
757 3365 889 3432 Romam
915 3367 1113 3450 potissimum
1137 3386 1201 3432 uos
1216 3365 1335 3430 ducunt
1356 3367 1422 3431 sin-

197 3462 200 3468 ’
296 3470 370 3552 gula
393 3490 473 3553 quae
496 3469 695 3552 castigantur
712 3470 798 3549 vitia,
822 3469 907 3534 velut
929 3468 1099 3534 factionum
1122 3470 1155 3533 in
1179 3469 1301 3534 theatro
1317 3466 1424 3534 studia

298 3570 350 3666 ΙΙΙ,
375 3575 415 3634 77
436 3591 469 3657 p.
492 3571 566 3652 298,
594 3571 760 3641 mulierum
787 3590 876 3636 amor
902 3570 1088 3653 catulorum,
1116 3572 1231 3653 avium,
1253 3571 1422 3656 pusionum

381 3756 401 3825 ¹)
420 3755 574 3810 Permuitos
601 3771 712 3825 possum
736 3772 892 3826 comparare
916 3757 1054 3812 Iuvenalis
1077 3773 1171 3811 versus
1195 3773 1255 3812 cum
1275 3755 1424 3811 Clementis

284 3847 416 3898 auctore.
452 3842 491 3896 Ut
514 3845 566 3896 sat.
584 3841 634 3905 XI,
658 3857 711 3910 qua
734 3841 867 3894 luxuriam
889 3843 1019 3912 impingat,
1042 3842 1192 3912 simplicem
1216 3857 1329 3897 caenam
1352 3857 1423 3896 com·

296 3929 416 3991 mandat,
435 3926 527 3980 multis
544 3927 573 3980 iu
592 3927 674 3980 rebus
691 3926 837 3979 admodum
856 3929 983 3996 congruit
1001 3945 1062 3982 eum
1080 3929 1167 3983 Paed.
1185 3929 1220 3994 II,
1241 3945 1264 3982 c.
1286 3933 1307 3982 1.
1343 3927 1424 3981 Unde

283 4011 470 4080 -mtellegitun
490 4015 620 4080 qnantum
638 4010 683 4064 ille
702 4014 785 4081 poeta
802 4010 1023 4082 philosophorum
1047 4013 1293 4068 declamationibus
1316 4012 1424 4067 debeat.

381 4098 402 4165 2)
421 4112 446 4151 r.
472 4097 631 4151 Vorlrauser
653 4095 670 4149 l.
695 4111 718 4150 c.
741 4112 767 4166 p.
794 4097 833 4150 19.
874 4097 966 4150 Minus
993 4098 1134 4150 miraberis
1161 4098 1247 4166 frigus
1274 4098 1373 4160 Persii,
1401 4098 1425 4150 si

296 4181 461 4255 cogitaveris
479 4197 540 4234 eum
559 4181 625 4233 nihil
644 4181 696 4234 uisi
715 4182 838 4235 versibus
856 4180 998 4235 inclusisse
1016 4182 1088 4236 tales
1108 4181 1330 4238 declamationes.
1381 4194 1389 4228 ῖ
