3218 4896
655 213 914 302 -sn-'

200 425 261 508 (De
292 427 361 493 uoh.
394 428 442 492 ira
474 426 520 509 2).
566 424 608 493 Et
640 426 760 510 passim
793 427 824 490 in
861 433 991 508 utroque
1024 425 1073 491 De
1100 425 1242 492 earnium
1272 444 1330 490 esu

198 529 305 596 libello
320 527 501 596 Musonium
517 513 635 595 'ducem
660 529 810 612 sequitur,
834 527 921 595 velut
937 548 1009 593 oum
1026 547 1144 612 ooquos
1159 546 1330 611 eorumque

199 632 333 698 artilioia
354 633 511 717 vituperat
534 629 570 714 (Ι,
592 634 623 713 4,
647 633 676 694 3.
700 633 732 714 5,
754 631 800 713 ὁ),
824 651 844 696 a
864 631 991 696 luxuria
1005 631 1184 698 morborum
1201 649 1329 696 oausam

199 735 314 818 repetit
336 734 383 816 (5,
406 732 451 817 8),
475 734 590 800 mentia
617 733 724 800 lumen
753 734 853 810 nimie
879 733 1020 800 ciborum
1048 735 1141 819 oopia
1168 733 1329 808 obscurari

200 836 278 902 dioit
311 832 462 902 Heracliti
495 837 710 902 testimonium
738 835 873 902 afferens
900 835 935 920 (6
968 836 1008 902 of.
1041 856 1072 922 p.
1095 837 1163 918 24),
1196 835 1331 902 athletas

199 939 382 1025 perstringit
415 938 503 1022 (6,4
530 938 569 1004 ol.
593 958 623 1023 p.
649 939 693 1021 7).
738 937 834 1005 Porro
848 937 887 1028 J,
912 940 933 1002 2
960 959 1031 1005 oum
1061 937 1205 1006 Musonio
1238 958 1331 1005 usum

201 1060 239 1108 ao
261 1042 484 1107 nenessitatem
507 1040 651 1106 luxuriae
673 1047 767 1124 atque
790 1040 945 1126 voluptati
968 1042 1109 1126 opponit,
1133 1039 1354 1130 effeminatos

201 1143 374 1228 mollesque
417 1142 540 1225 modos,
583 1143 688 1228 ipsum
730 1145 848 1209 oiroum
885 1149 919 1210 ot
956 1145 1138 1228 speotaoula
1173 1143 1333 1229 improbat

201 1245 314 1329 (Paed.
338 1245 375 1328 ll,
397 1248 438 1309 41
462 1265 493 1329 p.
518 1245 606 1329 193),
628 1251 740 1311 eontra
761 1265 855 1310 omne
877 1244 1020 1312 luxuriae
1041 1266 1140 1330 genus
1163 1246 1330 1314 declamat.

286 1349 368 1416 Plut.
390 1349 424 1412 io
446 1349 526 1414 libro
550 1347 608 1430 ‚De
635 1346 808 1432 eupiditate
835 1346 1026 1414 divitiarum‘
1050 1368 1077 1415 o.
1102 1352 1119 1413 1
1144 1355 1234 1432 extr„
1259 1369 1331 1414 oum

201 1453 271 1516 ἀλλ’
300 1452 351 1515 οὐκ
379 1452 438 1516 ἔστι
463 1473 505 1535 γε,
536 1451 648 1534 inquit,
670 1457 828 1540 χρημάτων
852 1451 932 1514 ῶνιον
957 1501 964 1514 .
990 1501 997 1515 .
1022 1501 1030 1516 .
1056 1502 1063 1517 .
1093 1454 1332 1541 μεγαλοφροσύνη

202 1607 209 1622 .
236 1608 243 1621 .
269 1607 276 1622 .
300 1558 333 1620 τὸ
356 1557 485 1620 πλουτεῖν
508 1557 559 1620 οὐκ
582 1557 639 1620 ἔστι
662 1559 693 1620 τὸ
722 1558 845 1620 πλούτου
873 1566 1059 1646 καταφρονεῖν
1082 1558 1201 1622 οὐδὲτὸ
1224 1561 1260 1621 τὰ
1282 1580 1331 1622 τε·

202 1665 279 1751 ριττοί
302 1665 458 1748 κεκτῆσθαι
480 1664 513 1726 τὸ
536 1663 577 1748 μὴ
592 1663 702 1726 δεῖσθαι
716 1669 773 1727 τῶν
788 1669 932 1750 περιττῶν,
954 1663 1084 1749 respicit
1099 1651 1332 1736 hanoMusonii

202 1765 394 1836 sententiam
422 1765 532 1852 (Paeti.
559 1765 597 1850 Π,
624 1768 666 1832 39
689 1788 720 1852 p.
746 1767 821 1852 191)
855 1769 978 1838 πλοῦτος
1010 1765 1042 1832 δὲ
1076 1770 1188 1855 ἄριστος
1220 1769 1241 1852 ἡ
1274 1773 1332 1830 τῶν

202 1873 356 1956 ἐπιθυμιῶν
379 1873 459 1948 πενία
481 1871 529 1934 καί
550 1872 571 1955 ἡ
595 1872 833 1958 μεγαλοφροσύνη
848 1874 869 1958 ἡ
884 1875 1014 1958 ἀληθής,
1039 1873 1072 1936 οὐ
1094 1874 1126 1936 τὸ
1150 1874 1194 1938 ἐπί
1215 1874 1330 1959 πλυίιτῳ

202 1978 433 2065 μεγαλοφρονεῖν,
463 1979 563 2040 τούτου
590 1976 622 2040 δὲ
649 1985 835 2064 καταφρονεῖν
862 1979 926 2040 κτλ.
973 1977 1052 2044 Cum
1081 1978 1162 2045 Plut.
1192 1999 1218 2044 o.
1249 1980 1334 2047 2εἰτ

66 2113 83 2132 ·
201 2085 317 2170 χαλεπὰ
332 2083 391 2147 καὶ
418 2072 519 2146 σπάνια
547 2083 595 2144 καί
621 2083 788 2169 δυςπόριυτα
821 2084 867 2146 καί
895 2086 1027 2171 ἄχρηστα
1053 2082 1189 2166 μεταθεὶς
1216 2083 1249 2146 ἐκ
1275 2090 1332 2148 τῶν

203 2191 362 2273 ἀναγκαίων
389 2189 441 2272 τὴν
465 2178 564 2276 ὄρεξιν.
594 2188 653 2251 ἐπεὶ
680 2194 737 2250 τῶν
763 2209 795 2271 γε
822 2191 982 2277 ἀρκούντων
1014 2188 1105 2258 οὐδεὶς
1137 2191 1225 2272 πένης
1259 2190 1333 2253 ἐστίν

203 2293 387 2361 conferendi
416 2299 490 2360 sunt
515 2292 577 2358 looi
605 2312 636 2377 p.
661 2294 711 2360 19.
735 2295 775 2357 31
799 2293 887 2359 allati
914 2299 948 2361 et
969 2293 1066 2360 Paed.
1089 2291 1126 2376 ΙΙ,
1151 2296 1192 2358 14
1213 2314 1246 2380 p.
1271 2297 1331 2359 173

203 2398 293 2467 οὐδεὶς
315 2399 346 2460 δέ
369 2397 427 2460 ἐστι
448 2397 536 2479 πένης
559 2397 598 2466 εἰς
619 2397 656 2458 τοὶ
679 2399 827 2480 ἀναγκαῖα.
873 2395 1024 2462 Similiter
1051 2395 1222 2462 oohaerent
1250 2395 1331 2463 Plut.

204 2523 230 2569 o.
256 2505 276 2567 9
299 2509 378 2568 eutr.
403 2501 444 2565 10
466 2507 498 2566 et
519 2499 615 2566 Paed.
639 2499 691 2582 111,
708 2502 748 2565 10
770 2520 802 2586 p.
819 2501 893 2583 258,
916 2500 957 2562 58
980 2519 1011 2583 p.
1027 2499 1100 2563 288.
1137 2497 1233 2566 Porro
1249 2498 1332 2565 Plut.

204 2604 383 2670 Musonium
417 2601 528 2686 (Paeti.
562 2600 619 2684 111,
655 2601 709 2687 10)
743 2609 869 2669 seoutos
906 2601 1086 2667 divitiarum
1126 2601 1331 2686 cupiditatem

203 2708 343 2792 peiorem
357 2701 437 2772 vesse
459 2703 600 2784 ostendit
622 2725 715 2788 quam
740 2707 873 2792 φιλοψίαν
896 2709 928 2770 et
949 2705 1143 2792 οῖνοφλυγίαν;
1166 2706 1227 2771 nisi
1250 2704 1333 2790 quod

203 2810 384 2876 effieamora
405 2814 437 2874 et
458 2809 603 2889 graviora
625 2817 708 2892 sunt,
724 2831 804 2894 quae
826 2810 951 2892 integra
970 2830 1011 2874 ex
1026 2807 1171 2876 Musonio
1187 2807 1334 2875 Clemens

204 2911 372 2978 transtulit
416 2909 561 2994 Denique
588 2908 669 2976 Plut.
698 2932 725 2979 υ.
749 2915 784 2978 8:
819 2913 920 2990 οὕτως,
947 2911 1061 2996 inquit,
1084 2913 1277 2998 &supersperare
1299 2915 1334 2974 ἂν

204 3014 252 3077 καί
278 3015 429 3101 στρωμνὰς
456 3011 613 3100 ἁλουργοὺς
639 3013 752 3098 (Olem.
775 3015 813 3099 ΙΙ,
841 3021 882 3083 35
910 3038 940 3102 p.
966 3017 1027 3080 188
1058 3017 1202 3104 στρωμναί
1229 3018 1333 3104 ἁλουρ·

204 3117 274 3203 γεῖς)
303 3119 350 3181 καὶ
375 3121 522 3206 τραπέζας
551 3119 719 3188 πολυτελεῖς
747 3119 948 3203 (01.11‚37)
976 3121 1024 3184 καί
1049 3123 1086 3184 τοί
1108 3123 1222 3210 περιττοί
1243 3127 1335 3184 πάντα

206 3274 213 3288 .
239 3273 246 3287 .
272 3273 280 3286 .
306 3273 313 3286 .
337 3227 503 3311 χρυσοχόων
526 3224 574 3286 καί
595 3229 735 3312 τορευτῶν
758 3224 805 3286 καί
834 3228 967 3311 μυρεψῶν
995 3226 1042 3290 καί
1065 3227 1215 3314 μαγείρων,
1239 3227 1335 3312 καλῆς

205 3330 252 3392 καί
274 3330 421 3417 υῶφρονυς
442 3330 596 3412 γενομένης
619 3319 792 3412 Εενηλασίας
817 3334 875 3392 τῶν
904 3333 1067 3417 ἀχρήστων,
1093 3328 1139 3395 Ol.
1162 3329 1200 3414 ΙΙ,
1223 3332 1265 3395 35
1287 3354 1334 3395 το-

206 3441 310 3522 ρευτῶν
344 3435 486 3520 περίεργος
520 3424 665 3506 κενοδοξία
698 3435 872 3521 περιοριστέα
903 3435 958 3519 της
990 3435 1120 3518 εὐνομίας
1148 3435 1241 3518 ἡμῶν.
1287 3436 1336 3502 De

205 3541 312 3623 ooquis
339 3546 371 3604 et
397 3538 613 3620 unguentariis
641 3536 736 3604 modo
764 3536 909 3604 vidimus.
954 3539 1027 3604 Alia
1054 3539 1151 3604 malui
1179 3540 1335 3621 omittere,

206 3641 289 3725 quod
306 3639 482 3706 cavendum
506 3646 564 3723 est,
587 3657 627 3705 ne
642 3657 684 3704 ex
700 3639 818 3705 leviore
841 3656 997 3706 consensu
1016 3642 1148 3707 nimium
1164 3639 1336 3708 oonoluda·

206 3764 275 3810 mus
301 3745 334 3809 in
357 3763 395 3809 eo
418 3749 614 3826 argumento,
641 3739 725 3826 quod
751 3743 859 3826 utique
886 3743 1009 3810 solebat
1039 3744 1186 3811 similiter
1207 3743 1336 3809 treoteri

206 3847 239 3912 in
261 3846 377 3913 soholis
400 3844 700 3931 philosophorum¹).

206 3993 412 4006 -u——n——u—

294 4051 314 4116 ¹)
335 4049 408 4102 Hirro
426 4048 529 4102 factum
548 4051 599 4113 est,
617 4053 647 4102 ut
665 4047 777 4102 eaedem
795 4049 917 4102 redirent
939 4049 1092 4104 sententiae
1110 4050 1138 4103 in
1156 4049 1266 4103 Horatii
1284 4054 1336 4104 sat.

206 4135 221 4189 1
238 4135 302 4188 iude
321 4150 338 4186 a
356 4150 380 4187 v.
399 4135 432 4187 28
451 4138 480 4186 et
496 4133 524 4186 in
543 4134 686 4188 Plutarchi
705 4134 784 4187 libro.
954 4131 955 4136 ’
